<?xml version="1.0" encoding="UTF-8"?>
<!DOCTYPE html PUBLIC "-//W3C//DTD XHTML 1.0 Transitional//EN"
    "http://www.w3.org/TR/xhtml1/DTD/xhtml1-transitional.dtd">
<html xmlns="http://www.w3.org/1999/xhtml" xml:lang="en" lang="en">
 <head>
  <title>
</title>
<meta http-equiv="Content-Type" content="text/html;charset=utf-8" />
  <meta name='ocr-system' content='tesseract 3.04.00' />
  <meta name='ocr-capabilities' content='ocr_page ocr_carea ocr_par ocr_line ocrx_word'/>
</head>
<body>
  <div class='ocr_page' id='page_1' title='image "./soptatimilevita00ziwsgoog_0255.png"; bbox 0 0 3044 4656; ppageno 0'>
   <div class='ocr_carea' id='block_1_1' title="bbox 270 293 910 379">
    <p class='ocr_par' dir='ltr' id='par_1_1' title="bbox 270 293 910 379">
     <span class='ocr_line' id='line_1_1' title="bbox 270 293 910 379; baseline -0.002 -30"><span class='ocrx_word' id='word_1_1' title='bbox 270 299 333 362; x_wconf 83' lang='lat'><strong>200</strong></span> <span class='ocrx_word' id='word_1_2' title='bbox 729 293 910 379; x_wconf 60' lang='lat' dir='ltr'><strong>Appendixv</strong></span> 
     </span>
    </p>
   </div>
   <div class='ocr_carea' id='block_1_2' title="bbox 221 480 1480 3128">
    <p class='ocr_par' dir='ltr' id='par_1_2' title="bbox 266 480 1465 745">
     <span class='ocr_line' id='line_1_2' title="bbox 267 480 1465 567; baseline 0.003 -16"><span class='ocrx_word' id='word_1_3' title='bbox 267 493 404 567; x_wconf 73' lang='lat' dir='ltr'><strong>epistolas</strong></span> <span class='ocrx_word' id='word_1_4' title='bbox 428 493 610 551; x_wconf 77' lang='lat' dir='ltr'><strong>salutatorias</strong></span> <span class='ocrx_word' id='word_1_5' title='bbox 633 492 668 549; x_wconf 90' lang='lat' dir='ltr'><strong>de</strong></span> <span class='ocrx_word' id='word_1_6' title='bbox 689 491 810 550; x_wconf 88' lang='lat' dir='ltr'><strong>basilica</strong></span> <span class='ocrx_word' id='word_1_7' title='bbox 830 492 990 566; x_wconf 87' lang='lat' dir='ltr'><strong>protulerit.</strong></span> <span class='ocrx_word' id='word_1_8' title='bbox 1008 480 1082 566; x_wconf 68' lang='lat' dir='ltr'><strong>vopto</strong></span> <span class='ocrx_word' id='word_1_9' title='bbox 1105 495 1133 552; x_wconf 86' lang='lat' dir='ltr'><strong>te</strong></span> <span class='ocrx_word' id='word_1_10' title='bbox 1155 495 1229 553; x_wconf 89' lang='lat' dir='ltr'><strong>bene</strong></span> <span class='ocrx_word' id='word_1_11' title='bbox 1256 495 1380 564; x_wconf 62' lang='lat' dir='ltr'><strong>ualeref‘</strong></span> <span class='ocrx_word' id='word_1_12' title='bbox 1463 509 1465 512; x_wconf 83' lang='grc'><strong><em>·</em></strong></span> 
     </span>
     <span class='ocr_line' id='line_1_3' title="bbox 266 571 1385 655; baseline 0.003 -15"><span class='ocrx_word' id='word_1_13' title='bbox 266 582 321 640; x_wconf 90' lang='lat' dir='ltr'><strong>hoc</strong></span> <span class='ocrx_word' id='word_1_14' title='bbox 353 582 483 655; x_wconf 78' lang='lat' dir='ltr'><strong>signum„</strong></span> <span class='ocrx_word' id='word_1_15' title='bbox 509 580 586 653; x_wconf 87' lang='lat' dir='ltr'><strong>quod</strong></span> <span class='ocrx_word' id='word_1_16' title='bbox 617 580 841 652; x_wconf 89' lang='lat' dir='ltr'><strong>deprecatorium</strong></span> <span class='ocrx_word' id='word_1_17' title='bbox 873 581 909 638; x_wconf 87' lang='lat' dir='ltr'><strong>ad</strong></span> <span class='ocrx_word' id='word_1_18' title='bbox 937 597 982 639; x_wconf 94' lang='lat' dir='ltr'><strong>me</strong></span> <span class='ocrx_word' id='word_1_19' title='bbox 1013 581 1150 640; x_wconf 78' lang='lat' dir='ltr'><strong>miserant</strong></span> <span class='ocrx_word' id='word_1_20' title='bbox 1181 581 1331 642; x_wconf 82' lang='lat' dir='ltr'><strong>christiani</strong></span> <span class='ocrx_word' id='word_1_21' title='bbox 1357 571 1385 644; x_wconf 85' lang='lat' dir='ltr'><strong>et</strong></span> 
     </span>
     <span class='ocr_line' id='line_1_4' title="bbox 266 667 1408 745; baseline 0.004 -17"><span class='ocrx_word' id='word_1_22' title='bbox 266 670 328 745; x_wconf 88' lang='lat' dir='ltr'><strong>ipse</strong></span> <span class='ocrx_word' id='word_1_23' title='bbox 352 669 433 727; x_wconf 88' lang='lat' dir='ltr'><strong>cuius</strong></span> <span class='ocrx_word' id='word_1_24' title='bbox 448 670 496 727; x_wconf 89' lang='lat' dir='ltr'><strong>est</strong></span> <span class='ocrx_word' id='word_1_25' title='bbox 516 668 688 742; x_wconf 87' lang='lat' dir='ltr'><strong>praetorium</strong></span> <span class='ocrx_word' id='word_1_26' title='bbox 711 672 739 727; x_wconf 92' lang='lat' dir='ltr'><strong>et</strong></span> <span class='ocrx_word' id='word_1_27' title='bbox 757 667 868 736; x_wconf 82' lang='lat' dir='ltr'><strong>dixisti:</strong></span> <span class='ocrx_word' id='word_1_28' title='bbox 891 669 961 727; x_wconf 91' lang='lat' dir='ltr'><strong>tolle</strong></span> <span class='ocrx_word' id='word_1_29' title='bbox 980 669 1088 728; x_wconf 89' lang='lat' dir='ltr'><strong>clauom</strong></span> <span class='ocrx_word' id='word_1_30' title='bbox 1107 672 1137 728; x_wconf 92' lang='lat' dir='ltr'><strong>et</strong></span> <span class='ocrx_word' id='word_1_31' title='bbox 1154 688 1226 744; x_wconf 88' lang='lat' dir='ltr'><strong>quos</strong></span> <span class='ocrx_word' id='word_1_32' title='bbox 1244 671 1387 733; x_wconf 85' lang='lat' dir='ltr'><strong>inueneris</strong></span> <span class='ocrx_word' id='word_1_33' title='bbox 1406 679 1408 684; x_wconf 84' lang='lat'>&#39;</span> 
     </span>
    </p>

    <p class='ocr_par' dir='ltr' id='par_1_3' title="bbox 267 756 1437 1361">
     <span class='ocr_line' id='line_1_5' title="bbox 267 756 1387 834; baseline 0.004 -17"><span class='ocrx_word' id='word_1_34' title='bbox 267 758 297 817; x_wconf 92' lang='lat' dir='ltr'><strong>in</strong></span> <span class='ocrx_word' id='word_1_35' title='bbox 320 758 457 816; x_wconf 80' lang='lat' dir='ltr'><strong>cathedra</strong></span> <span class='ocrx_word' id='word_1_36' title='bbox 477 756 565 816; x_wconf 88' lang='lat' dir='ltr'><strong>libros</strong></span> <span class='ocrx_word' id='word_1_37' title='bbox 589 760 618 814; x_wconf 89' lang='lat' dir='ltr'><strong>et</strong></span> <span class='ocrx_word' id='word_1_38' title='bbox 644 773 729 828; x_wconf 89' lang='lat' dir='ltr'><strong>snper</strong></span> <span class='ocrx_word' id='word_1_39' title='bbox 754 756 849 830; x_wconf 91' lang='lat' dir='ltr'><strong>lapide</strong></span> <span class='ocrx_word' id='word_1_40' title='bbox 877 757 1000 827; x_wconf 89' lang='lat' dir='ltr'><strong>codices,</strong></span> <span class='ocrx_word' id='word_1_41' title='bbox 1023 758 1108 816; x_wconf 90' lang='lat' dir='ltr'><strong>tolles</strong></span> <span class='ocrx_word' id='word_1_42' title='bbox 1124 758 1201 820; x_wconf 88' lang='lat' dir='ltr'><strong>illos.</strong></span> <span class='ocrx_word' id='word_1_43' title='bbox 1224 777 1293 818; x_wconf 90' lang='lat' dir='ltr'><strong>sane</strong></span> <span class='ocrx_word' id='word_1_44' title='bbox 1311 761 1387 834; x_wconf 89' lang='lat' dir='ltr'><strong>uide,</strong></span> 
     </span>
     <span class='ocr_line' id='line_1_6' title="bbox 268 844 1416 921; baseline 0.003 -16"><span class='ocrx_word' id='word_1_45' title='bbox 268 846 406 905; x_wconf 87' lang='lat' dir='ltr'><strong>officiales</strong></span> <span class='ocrx_word' id='word_1_46' title='bbox 428 862 464 904; x_wconf 89' lang='lat' dir='ltr'><strong>ne</strong></span> <span class='ocrx_word' id='word_1_47' title='bbox 486 845 590 904; x_wconf 89' lang='lat' dir='ltr'><strong>tollant</strong></span> <span class='ocrx_word' id='word_1_48' title='bbox 612 844 703 904; x_wconf 92' lang='lat' dir='ltr'><strong>oleum</strong></span> <span class='ocrx_word' id='word_1_49' title='bbox 726 847 755 903; x_wconf 90' lang='lat' dir='ltr'><strong>et</strong></span> <span class='ocrx_word' id='word_1_50' title='bbox 775 844 911 909; x_wconf 78' lang='lat' dir='ltr'><strong>tritimm.</strong></span> <span class='ocrx_word' id='word_1_51' title='bbox 936 848 965 904; x_wconf 92' lang='lat' dir='ltr'><strong>et</strong></span> <span class='ocrx_word' id='word_1_52' title='bbox 986 862 1038 920; x_wconf 83' lang='lat' dir='ltr'><strong>ego</strong></span> <span class='ocrx_word' id='word_1_53' title='bbox 1062 845 1120 903; x_wconf 93' lang='lat' dir='ltr'><strong>dixi</strong></span> <span class='ocrx_word' id='word_1_54' title='bbox 1141 847 1209 905; x_wconf 92' lang='lat' dir='ltr'><strong>tibi:</strong></span> <span class='ocrx_word' id='word_1_55' title='bbox 1232 849 1264 906; x_wconf 91' lang='lat' dir='ltr'><strong>tu</strong></span> <span class='ocrx_word' id='word_1_56' title='bbox 1281 850 1386 921; x_wconf 90' lang='lat' dir='ltr'><strong>nescis,</strong></span> <span class='ocrx_word' id='word_1_57' title='bbox 1414 914 1416 917; x_wconf 61' lang='grc'><strong>,</strong></span> 
     </span>
     <span class='ocr_line' id='line_1_7' title="bbox 269 933 1384 1009; baseline 0.004 -17"><span class='ocrx_word' id='word_1_58' title='bbox 269 934 345 1009; x_wconf 88' lang='lat' dir='ltr'><strong>quia,</strong></span> <span class='ocrx_word' id='word_1_59' title='bbox 368 933 418 992; x_wconf 92' lang='lat' dir='ltr'><strong>ubi</strong></span> <span class='ocrx_word' id='word_1_60' title='bbox 440 933 597 1007; x_wconf 89' lang='lat' dir='ltr'><strong>scripturae</strong></span> <span class='ocrx_word' id='word_1_61' title='bbox 619 933 812 1003; x_wconf 87' lang='lat' dir='ltr'><strong>inueniuntur,</strong></span> <span class='ocrx_word' id='word_1_62' title='bbox 840 933 904 1006; x_wconf 87' lang='lat' dir='ltr'><strong>ipsa</strong></span> <span class='ocrx_word' id='word_1_63' title='bbox 931 934 1031 993; x_wconf 91' lang='lat' dir='ltr'><strong>domus</strong></span> <span class='ocrx_word' id='word_1_64' title='bbox 1058 933 1198 992; x_wconf 77' lang='lat' dir='ltr'><strong>diruitur?</strong></span> <span class='ocrx_word' id='word_1_65' title='bbox 1226 939 1254 994; x_wconf 92' lang='lat' dir='ltr'><strong>et</strong></span> <span class='ocrx_word' id='word_1_66' title='bbox 1276 937 1384 997; x_wconf 76' lang='lat' dir='ltr'><strong>dixisti:</strong></span> 
     </span>
     <span class='ocr_line' id='line_1_8' title="bbox 268 1021 1385 1099; baseline 0.003 -18"><span class='ocrx_word' id='word_1_67' title='bbox 268 1023 338 1096; x_wconf 88' lang='lat' dir='ltr'><strong>quid</strong></span> <span class='ocrx_word' id='word_1_68' title='bbox 361 1039 426 1096; x_wconf 83' lang='lat' dir='ltr'><strong>ergo</strong></span> <span class='ocrx_word' id='word_1_69' title='bbox 449 1021 587 1080; x_wconf 77' lang='lat' dir='ltr'><strong>facimus?</strong></span> <span class='ocrx_word' id='word_1_70' title='bbox 615 1023 645 1079; x_wconf 88' lang='lat' dir='ltr'><strong>et</strong></span> <span class='ocrx_word' id='word_1_71' title='bbox 667 1021 724 1078; x_wconf 91' lang='lat' dir='ltr'><strong>dixi</strong></span> <span class='ocrx_word' id='word_1_72' title='bbox 748 1038 800 1095; x_wconf 83' lang='lat' dir='ltr'><strong>ego</strong></span> <span class='ocrx_word' id='word_1_73' title='bbox 822 1021 918 1080; x_wconf 93' lang='lat' dir='ltr'><strong>uobis:</strong></span> <span class='ocrx_word' id='word_1_74' title='bbox 942 1021 1025 1081; x_wconf 87' lang='lat' dir='ltr'><strong>tollat</strong></span> <span class='ocrx_word' id='word_1_75' title='bbox 1046 1021 1150 1095; x_wconf 87' lang='lat' dir='ltr'><strong>aliquis</strong></span> <span class='ocrx_word' id='word_1_76' title='bbox 1173 1023 1208 1080; x_wconf 92' lang='lat' dir='ltr'><strong>de</strong></span> <span class='ocrx_word' id='word_1_77' title='bbox 1230 1025 1335 1099; x_wconf 81' lang='lat' dir='ltr'><strong>nestris</strong></span> <span class='ocrx_word' id='word_1_78' title='bbox 1357 1027 1385 1084; x_wconf 90' lang='lat' dir='ltr'><strong>in</strong></span> 
     </span>
     <span class='ocr_line' id='line_1_9' title="bbox 268 1108 1385 1184; baseline 0.004 -16"><span class='ocrx_word' id='word_1_79' title='bbox 268 1128 344 1180; x_wconf 87' lang='lat' dir='ltr'><strong>area,</strong></span> <span class='ocrx_word' id='word_1_80' title='bbox 372 1110 421 1168; x_wconf 89' lang='lat' dir='ltr'><strong>ubi</strong></span> <span class='ocrx_word' id='word_1_81' title='bbox 449 1109 592 1169; x_wconf 87' lang='lat' dir='ltr'><strong>orationes</strong></span> <span class='ocrx_word' id='word_1_82' title='bbox 618 1109 722 1178; x_wconf 86' lang='lat' dir='ltr'><strong>facitis,</strong></span> <span class='ocrx_word' id='word_1_83' title='bbox 752 1115 780 1168; x_wconf 90' lang='lat' dir='ltr'><strong>et</strong></span> <span class='ocrx_word' id='word_1_84' title='bbox 805 1108 865 1168; x_wconf 92' lang='lat' dir='ltr'><strong>illic</strong></span> <span class='ocrx_word' id='word_1_85' title='bbox 890 1113 1043 1183; x_wconf 88' lang='lat' dir='ltr'><strong>ponantur.</strong></span> <span class='ocrx_word' id='word_1_86' title='bbox 1081 1113 1109 1167; x_wconf 90' lang='lat' dir='ltr'><strong>et</strong></span> <span class='ocrx_word' id='word_1_87' title='bbox 1135 1127 1187 1184; x_wconf 85' lang='lat' dir='ltr'><strong>ego</strong></span> <span class='ocrx_word' id='word_1_88' title='bbox 1216 1112 1299 1171; x_wconf 90' lang='lat' dir='ltr'><strong>uenio</strong></span> <span class='ocrx_word' id='word_1_89' title='bbox 1323 1131 1385 1172; x_wconf 90' lang='lat' dir='ltr'><strong>cum</strong></span> 
     </span>
     <span class='ocr_line' id='line_1_10' title="bbox 270 1197 1384 1259; baseline 0.001 -2"><span class='ocrx_word' id='word_1_90' title='bbox 270 1198 406 1257; x_wconf 86' lang='lat' dir='ltr'><strong>officiales</strong></span> <span class='ocrx_word' id='word_1_91' title='bbox 425 1201 455 1256; x_wconf 91' lang='lat' dir='ltr'><strong>et</strong></span> <span class='ocrx_word' id='word_1_92' title='bbox 470 1197 551 1259; x_wconf 89' lang='lat' dir='ltr'><strong>tollo.</strong></span> <span class='ocrx_word' id='word_1_93' title='bbox 576 1200 605 1256; x_wconf 93' lang='lat' dir='ltr'><strong>et</strong></span> <span class='ocrx_word' id='word_1_94' title='bbox 626 1215 679 1257; x_wconf 91' lang='lat' dir='ltr'><strong>nos</strong></span> <span class='ocrx_word' id='word_1_95' title='bbox 701 1198 751 1256; x_wconf 92' lang='lat' dir='ltr'><strong>illo</strong></span> <span class='ocrx_word' id='word_1_96' title='bbox 773 1197 903 1256; x_wconf 86' lang='lat' dir='ltr'><strong>uenimus</strong></span> <span class='ocrx_word' id='word_1_97' title='bbox 926 1201 955 1255; x_wconf 90' lang='lat' dir='ltr'><strong>et</strong></span> <span class='ocrx_word' id='word_1_98' title='bbox 976 1197 1071 1256; x_wconf 86' lang='lat' dir='ltr'><strong>omnia</strong></span> <span class='ocrx_word' id='word_1_99' title='bbox 1092 1197 1208 1256; x_wconf 88' lang='lat' dir='ltr'><strong>tulimus</strong></span> <span class='ocrx_word' id='word_1_100' title='bbox 1230 1202 1384 1258; x_wconf 92' lang='lat' dir='ltr'><strong>secundum</strong></span> 
     </span>
     <span class='ocr_line' id='line_1_11' title="bbox 269 1287 1437 1361; baseline -0.009 -16"><span class='ocrx_word' id='word_1_101' title='bbox 269 1304 381 1346; x_wconf 84' lang='lat' dir='ltr'><strong>sacrum</strong></span> <span class='ocrx_word' id='word_1_102' title='bbox 403 1287 596 1361; x_wconf 89' lang='lat' dir='ltr'><strong>praeceptum.</strong></span> <span class='ocrx_word' id='word_1_103' title='bbox 1365 1346 1366 1350; x_wconf 7' lang='grc' dir='ltr'>η</span> <span class='ocrx_word' id='word_1_104' title='bbox 1403 1299 1437 1336; x_wconf 81' lang='grc' dir='ltr'><strong>ιο.</strong></span> 
     </span>
    </p>

    <p class='ocr_par' dir='ltr' id='par_1_4' title="bbox 269 1373 1389 1626">
     <span class='ocr_line' id='line_1_12' title="bbox 312 1373 1389 1449; baseline 0 -16"><span class='ocrx_word' id='word_1_105' title='bbox 312 1375 450 1433; x_wconf 83' lang='lat' dir='ltr'><strong>Maximus</strong></span> <span class='ocrx_word' id='word_1_106' title='bbox 469 1375 551 1433; x_wconf 90' lang='lat' dir='ltr'><strong>dixit:</strong></span> <span class='ocrx_word' id='word_1_107' title='bbox 576 1373 709 1448; x_wconf 88' lang='lat' dir='ltr'><strong>quoniam</strong></span> <span class='ocrx_word' id='word_1_108' title='bbox 732 1375 792 1432; x_wconf 90' lang='lat' dir='ltr'><strong>eius</strong></span> <span class='ocrx_word' id='word_1_109' title='bbox 815 1373 952 1449; x_wconf 87' lang='lat' dir='ltr'><strong>epistulae</strong></span> <span class='ocrx_word' id='word_1_110' title='bbox 974 1373 1059 1432; x_wconf 88' lang='lat' dir='ltr'><strong>lectio</strong></span> <span class='ocrx_word' id='word_1_111' title='bbox 1082 1375 1157 1449; x_wconf 92' lang='lat' dir='ltr'><strong>apud</strong></span> <span class='ocrx_word' id='word_1_112' title='bbox 1179 1379 1244 1433; x_wconf 88' lang='lat' dir='ltr'><strong>acta</strong></span> <span class='ocrx_word' id='word_1_113' title='bbox 1264 1375 1389 1443; x_wconf 83' lang='lat' dir='ltr'><strong>recitata·</strong></span> 
     </span>
     <span class='ocr_line' id='line_1_13' title="bbox 269 1462 1384 1537; baseline 0 -15"><span class='ocrx_word' id='word_1_114' title='bbox 269 1467 322 1533; x_wconf 88' lang='lat' dir='ltr'><strong>est,</strong></span> <span class='ocrx_word' id='word_1_115' title='bbox 347 1481 429 1537; x_wconf 87' lang='lat' dir='ltr'><strong>quam</strong></span> <span class='ocrx_word' id='word_1_116' title='bbox 457 1463 519 1537; x_wconf 85' lang='lat' dir='ltr'><strong>ipae</strong></span> <span class='ocrx_word' id='word_1_117' title='bbox 547 1462 665 1536; x_wconf 80' lang='lat' dir='ltr'><strong>agnouit</strong></span> <span class='ocrx_word' id='word_1_118' title='bbox 690 1479 722 1520; x_wconf 90' lang='lat' dir='ltr'><strong>se</strong></span> <span class='ocrx_word' id='word_1_119' title='bbox 747 1462 869 1533; x_wconf 88' lang='lat' dir='ltr'><strong>misisse,</strong></span> <span class='ocrx_word' id='word_1_120' title='bbox 899 1479 971 1535; x_wconf 87' lang='lat' dir='ltr'><strong>quae</strong></span> <span class='ocrx_word' id='word_1_121' title='bbox 998 1462 1079 1533; x_wconf 91' lang='lat' dir='ltr'><strong>dixit,</strong></span> <span class='ocrx_word' id='word_1_122' title='bbox 1112 1479 1285 1536; x_wconf 87' lang='lat' dir='ltr'><strong>quaesumus</strong></span> <span class='ocrx_word' id='word_1_123' title='bbox 1312 1463 1384 1522; x_wconf 70' lang='lat' dir='ltr'><strong>acus</strong></span> 
     </span>
     <span class='ocr_line' id='line_1_14' title="bbox 269 1549 1265 1626; baseline 0.001 -17"><span class='ocrx_word' id='word_1_124' title='bbox 269 1552 416 1610; x_wconf 88' lang='lat' dir='ltr'><strong>haereant.</strong></span> <span class='ocrx_word' id='word_1_125' title='bbox 439 1551 583 1625; x_wconf 82' lang='lat' dir='ltr'><strong>Speratius</strong></span> <span class='ocrx_word' id='word_1_126' title='bbox 606 1550 708 1610; x_wconf 90' lang='lat' dir='ltr'><strong>duouir</strong></span> <span class='ocrx_word' id='word_1_127' title='bbox 730 1551 813 1610; x_wconf 89' lang='lat' dir='ltr'><strong>dixit:</strong></span> <span class='ocrx_word' id='word_1_128' title='bbox 838 1568 910 1626; x_wconf 86' lang='lat' dir='ltr'><strong>quae</strong></span> <span class='ocrx_word' id='word_1_129' title='bbox 933 1549 1039 1620; x_wconf 82' lang='lat' dir='ltr'><strong>dixisti,</strong></span> <span class='ocrx_word' id='word_1_130' title='bbox 1062 1551 1170 1625; x_wconf 88' lang='lat' dir='ltr'><strong>scripta</strong></span> <span class='ocrx_word' id='word_1_131' title='bbox 1191 1554 1265 1611; x_wconf 87' lang='lat' dir='ltr'><strong>sunt.</strong></span> 
     </span>
    </p>

    <p class='ocr_par' dir='ltr' id='par_1_5' title="bbox 268 1639 1480 1975">
     <span class='ocr_line' id='line_1_15' title="bbox 311 1639 1480 1714; baseline -0.001 -15"><span class='ocrx_word' id='word_1_132' title='bbox 311 1641 463 1714; x_wconf 85' lang='lat' dir='ltr'><strong>Agesilaus</strong></span> <span class='ocrx_word' id='word_1_133' title='bbox 486 1639 569 1698; x_wconf 89' lang='lat' dir='ltr'><strong>dixit:</strong></span> <span class='ocrx_word' id='word_1_134' title='bbox 593 1640 631 1697; x_wconf 91' lang='lat' dir='ltr'><strong>ad</strong></span> <span class='ocrx_word' id='word_1_135' title='bbox 652 1645 832 1713; x_wconf 87' lang='lat' dir='ltr'><strong>praesentem</strong></span> <span class='ocrx_word' id='word_1_136' title='bbox 862 1639 1012 1713; x_wconf 88' lang='lat' dir='ltr'><strong>epistolam</strong></span> <span class='ocrx_word' id='word_1_137' title='bbox 1041 1639 1218 1714; x_wconf 82' lang='lat' dir='ltr'><strong>recognouit,</strong></span> <span class='ocrx_word' id='word_1_138' title='bbox 1245 1641 1386 1699; x_wconf 89' lang='lat' dir='ltr'><strong>residuam</strong></span> <span class='ocrx_word' id='word_1_139' title='bbox 1479 1687 1480 1691; x_wconf 65' lang='lat'>,</span> 
     </span>
     <span class='ocr_line' id='line_1_16' title="bbox 268 1727 1429 1804; baseline 0.001 -18"><span class='ocrx_word' id='word_1_140' title='bbox 268 1732 387 1804; x_wconf 86' lang='lat' dir='ltr'><strong>partem,</strong></span> <span class='ocrx_word' id='word_1_141' title='bbox 420 1744 504 1800; x_wconf 88' lang='lat' dir='ltr'><strong>quam</strong></span> <span class='ocrx_word' id='word_1_142' title='bbox 535 1744 611 1786; x_wconf 91' lang='lat' dir='ltr'><strong>nunc</strong></span> <span class='ocrx_word' id='word_1_143' title='bbox 641 1727 720 1802; x_wconf 73' lang='lat' dir='ltr'><strong>legit,</strong></span> <span class='ocrx_word' id='word_1_144' title='bbox 752 1729 854 1802; x_wconf 87' lang='lat' dir='ltr'><strong>falsam</strong></span> <span class='ocrx_word' id='word_1_145' title='bbox 887 1744 950 1787; x_wconf 91' lang='lat' dir='ltr'><strong>esse</strong></span> <span class='ocrx_word' id='word_1_146' title='bbox 977 1728 1055 1787; x_wconf 87' lang='lat' dir='ltr'><strong>dicit.</strong></span> <span class='ocrx_word' id='word_1_147' title='bbox 1098 1727 1274 1788; x_wconf 79' lang='lat' dir='ltr'><strong>Caecilianus</strong></span> <span class='ocrx_word' id='word_1_148' title='bbox 1301 1729 1385 1787; x_wconf 89' lang='lat' dir='ltr'><strong>dixit:</strong></span> <span class='ocrx_word' id='word_1_149' title='bbox 1405 1735 1429 1774; x_wconf 75' lang='lat'><strong>1⁶</strong></span> 
     </span>
     <span class='ocr_line' id='line_1_17' title="bbox 269 1816 1387 1898; baseline 0 -23"><span class='ocrx_word' id='word_1_150' title='bbox 269 1817 391 1884; x_wconf 89' lang='lat' dir='ltr'><strong>domine,</strong></span> <span class='ocrx_word' id='word_1_151' title='bbox 418 1834 509 1890; x_wconf 86' lang='lat' dir='ltr'><strong>usqne</strong></span> <span class='ocrx_word' id='word_1_152' title='bbox 535 1816 732 1898; x_wconf 80' lang='lat' dir='ltr'><strong>hecdicium,</strong></span> <span class='ocrx_word' id='word_1_153' title='bbox 762 1834 851 1890; x_wconf 89' lang='lat' dir='ltr'><strong>usque</strong></span> <span class='ocrx_word' id='word_1_154' title='bbox 879 1833 935 1889; x_wconf 87' lang='lat' dir='ltr'><strong>quc</strong></span> <span class='ocrx_word' id='word_1_155' title='bbox 962 1817 1064 1881; x_wconf 88' lang='lat' dir='ltr'><strong>habet:</strong></span> <span class='ocrx_word' id='word_1_156' title='bbox 1098 1820 1184 1889; x_wconf 81' lang='lat' dir='ltr'><strong>„opto</strong></span> <span class='ocrx_word' id='word_1_157' title='bbox 1212 1820 1250 1885; x_wconf 92' lang='lat' dir='ltr'><strong>te,</strong></span> <span class='ocrx_word' id='word_1_158' title='bbox 1282 1834 1387 1891; x_wconf 89' lang='lat' dir='ltr'><strong>parens</strong></span> 
     </span>
     <span class='ocr_line' id='line_1_18' title="bbox 269 1901 684 1975; baseline -0.005 -11"><span class='ocrx_word' id='word_1_159' title='bbox 269 1905 424 1973; x_wconf 88' lang='lat' dir='ltr'><strong>carissime,</strong></span> <span class='ocrx_word' id='word_1_160' title='bbox 447 1906 521 1964; x_wconf 89' lang='lat' dir='ltr'><strong>bene</strong></span> <span class='ocrx_word' id='word_1_161' title='bbox 543 1901 684 1975; x_wconf 66' lang='lat' dir='ltr'><strong>ualere.“x</strong></span> 
     </span>
    </p>

    <p class='ocr_par' dir='ltr' id='par_1_6' title="bbox 268 1993 1459 2598">
     <span class='ocr_line' id='line_1_19' title="bbox 311 1993 1387 2067; baseline 0.002 -16"><span class='ocrx_word' id='word_1_162' title='bbox 311 1993 494 2067; x_wconf 78' lang='lat' dir='ltr'><strong>Apronianus</strong></span> <span class='ocrx_word' id='word_1_163' title='bbox 516 1993 599 2052; x_wconf 85' lang='lat' dir='ltr'><strong>dixit:</strong></span> <span class='ocrx_word' id='word_1_164' title='bbox 622 2010 734 2067; x_wconf 87' lang='lat' dir='ltr'><strong>sempor</strong></span> <span class='ocrx_word' id='word_1_165' title='bbox 754 1993 796 2052; x_wconf 88' lang='lat' dir='ltr'><strong>eie</strong></span> <span class='ocrx_word' id='word_1_166' title='bbox 817 1993 921 2053; x_wconf 85' lang='lat' dir='ltr'><strong>falsum</strong></span> <span class='ocrx_word' id='word_1_167' title='bbox 942 1996 1156 2067; x_wconf 70' lang='lat' dir='ltr'><strong>perminorem,</strong></span> <span class='ocrx_word' id='word_1_168' title='bbox 1173 2011 1226 2067; x_wconf 89' lang='lat' dir='ltr'><strong>per</strong></span> <span class='ocrx_word' id='word_1_169' title='bbox 1243 2011 1387 2067; x_wconf 86' lang='lat' dir='ltr'><strong>scaenam,</strong></span> 
     </span>
     <span class='ocr_line' id='line_1_20' title="bbox 268 2081 1388 2156; baseline 0.001 -16"><span class='ocrx_word' id='word_1_170' title='bbox 268 2100 320 2156; x_wconf 89' lang='lat' dir='ltr'><strong>per</strong></span> <span class='ocrx_word' id='word_1_171' title='bbox 340 2082 539 2156; x_wconf 78' lang='lat' dir='ltr'><strong>inrelegiosem</strong></span> <span class='ocrx_word' id='word_1_172' title='bbox 561 2084 684 2140; x_wconf 93' lang='lat' dir='ltr'><strong>mentem</strong></span> <span class='ocrx_word' id='word_1_173' title='bbox 702 2083 797 2140; x_wconf 90' lang='lat' dir='ltr'><strong>actum</strong></span> <span class='ocrx_word' id='word_1_174' title='bbox 816 2084 860 2140; x_wconf 87' lang='lat' dir='ltr'><strong>est</strong></span> <span class='ocrx_word' id='word_1_175' title='bbox 877 2084 914 2142; x_wconf 87' lang='lat' dir='ltr'><strong>ab</strong></span> <span class='ocrx_word' id='word_1_176' title='bbox 932 2082 987 2149; x_wconf 78' lang='lat' dir='ltr'><strong>his,</strong></span> <span class='ocrx_word' id='word_1_177' title='bbox 1007 2081 1056 2156; x_wconf 87' lang='lat' dir='ltr'><strong>qui</strong></span> <span class='ocrx_word' id='word_1_178' title='bbox 1074 2081 1230 2142; x_wconf 89' lang='lat' dir='ltr'><strong>catholicae</strong></span> <span class='ocrx_word' id='word_1_179' title='bbox 1249 2082 1388 2141; x_wconf 84' lang='lat' dir='ltr'><strong>ecclesiae</strong></span> 
     </span>
     <span class='ocr_line' id='line_1_21' title="bbox 270 2169 1433 2243; baseline -0.002 -13"><span class='ocrx_word' id='word_1_180' title='bbox 270 2171 428 2230; x_wconf 88' lang='lat' dir='ltr'><strong>consentire</strong></span> <span class='ocrx_word' id='word_1_181' title='bbox 453 2171 615 2232; x_wconf 91' lang='lat' dir='ltr'><strong>noluerunt.</strong></span> <span class='ocrx_word' id='word_1_182' title='bbox 651 2187 715 2229; x_wconf 89' lang='lat' dir='ltr'><strong>nam</strong></span> <span class='ocrx_word' id='word_1_183' title='bbox 737 2170 858 2230; x_wconf 90' lang='lat' dir='ltr'><strong>Paulino</strong></span> <span class='ocrx_word' id='word_1_184' title='bbox 884 2171 932 2229; x_wconf 91' lang='lat' dir='ltr'><strong>hic</strong></span> <span class='ocrx_word' id='word_1_185' title='bbox 959 2169 1173 2229; x_wconf 87' lang='lat' dir='ltr'><strong>administrante</strong></span> <span class='ocrx_word' id='word_1_186' title='bbox 1200 2170 1278 2229; x_wconf 89' lang='lat' dir='ltr'><strong>uices</strong></span> <span class='ocrx_word' id='word_1_187' title='bbox 1300 2188 1384 2243; x_wconf 86' lang='lat' dir='ltr'><strong>prae·</strong></span> <span class='ocrx_word' id='word_1_188' title='bbox 1406 2185 1433 2222; x_wconf 75' lang='lat' dir='ltr'><strong><em>w</em></strong></span> 
     </span>
     <span class='ocr_line' id='line_1_22' title="bbox 268 2253 1459 2333; baseline -0.001 -15"><span class='ocrx_word' id='word_1_189' title='bbox 268 2259 405 2318; x_wconf 87' lang='lat' dir='ltr'><strong>fectomm</strong></span> <span class='ocrx_word' id='word_1_190' title='bbox 426 2259 597 2317; x_wconf 87' lang='lat' dir='ltr'><strong>subornatus</strong></span> <span class='ocrx_word' id='word_1_191' title='bbox 619 2258 799 2333; x_wconf 86' lang='lat' dir='ltr'><strong>estquidam</strong></span> <span class='ocrx_word' id='word_1_192' title='bbox 821 2259 950 2332; x_wconf 90' lang='lat' dir='ltr'><strong>priuatus</strong></span> <span class='ocrx_word' id='word_1_193' title='bbox 972 2260 1065 2328; x_wconf 89' lang='lat' dir='ltr'><strong>homo,</strong></span> <span class='ocrx_word' id='word_1_194' title='bbox 1085 2260 1134 2332; x_wconf 87' lang='lat' dir='ltr'><strong>qui</strong></span> <span class='ocrx_word' id='word_1_195' title='bbox 1155 2253 1296 2318; x_wconf 90' lang='lat' dir='ltr'><strong>modicum</strong></span> <span class='ocrx_word' id='word_1_196' title='bbox 1319 2275 1382 2317; x_wconf 90' lang='lat' dir='ltr'><strong>cur·</strong></span> <span class='ocrx_word' id='word_1_197' title='bbox 1457 2288 1459 2291; x_wconf 95' lang='lat'>·</span> 
     </span>
     <span class='ocr_line' id='line_1_23' title="bbox 269 2346 1382 2421; baseline -0.003 -14"><span class='ocrx_word' id='word_1_198' title='bbox 269 2348 343 2407; x_wconf 91' lang='lat' dir='ltr'><strong>soris</strong></span> <span class='ocrx_word' id='word_1_199' title='bbox 372 2348 500 2417; x_wconf 88' lang='lat' dir='ltr'><strong>haberet,</strong></span> <span class='ocrx_word' id='word_1_200' title='bbox 532 2346 581 2421; x_wconf 86' lang='lat' dir='ltr'><strong>qui</strong></span> <span class='ocrx_word' id='word_1_201' title='bbox 611 2347 648 2405; x_wconf 82' lang='lat' dir='ltr'><strong>ad</strong></span> <span class='ocrx_word' id='word_1_202' title='bbox 679 2347 835 2407; x_wconf 88' lang='lat' dir='ltr'><strong>catholicae</strong></span> <span class='ocrx_word' id='word_1_203' title='bbox 866 2346 984 2406; x_wconf 90' lang='lat' dir='ltr'><strong>unitatis</strong></span> <span class='ocrx_word' id='word_1_204' title='bbox 1011 2347 1134 2421; x_wconf 90' lang='lat' dir='ltr'><strong>[fideles]</strong></span> <span class='ocrx_word' id='word_1_205' title='bbox 1161 2347 1271 2406; x_wconf 91' lang='lat' dir='ltr'><strong>ueniret</strong></span> <span class='ocrx_word' id='word_1_206' title='bbox 1297 2349 1382 2420; x_wconf 90' lang='lat' dir='ltr'><strong>atque</strong></span> 
     </span>
     <span class='ocr_line' id='line_1_24' title="bbox 270 2434 1383 2509; baseline -0.001 -16"><span class='ocrx_word' id='word_1_207' title='bbox 270 2453 318 2494; x_wconf 88' lang='lat' dir='ltr'><strong>eos</strong></span> <span class='ocrx_word' id='word_1_208' title='bbox 340 2436 487 2493; x_wconf 87' lang='lat' dir='ltr'><strong>induceret</strong></span> <span class='ocrx_word' id='word_1_209' title='bbox 508 2438 537 2494; x_wconf 91' lang='lat' dir='ltr'><strong>et</strong></span> <span class='ocrx_word' id='word_1_210' title='bbox 557 2438 686 2494; x_wconf 87' lang='lat' dir='ltr'><strong>terreret.</strong></span> <span class='ocrx_word' id='word_1_211' title='bbox 709 2436 821 2495; x_wconf 88' lang='lat' dir='ltr'><strong>detecta</strong></span> <span class='ocrx_word' id='word_1_212' title='bbox 841 2434 929 2509; x_wconf 76' lang='lat' dir='ltr'><strong>igitur</strong></span> <span class='ocrx_word' id='word_1_213' title='bbox 950 2435 1037 2494; x_wconf 82' lang='lat' dir='ltr'><strong>factio</strong></span> <span class='ocrx_word' id='word_1_214' title='bbox 1061 2437 1114 2493; x_wconf 87' lang='lat' dir='ltr'><strong>est.</strong></span> <span class='ocrx_word' id='word_1_215' title='bbox 1145 2452 1212 2494; x_wconf 86' lang='lat' dir='ltr'><strong>uam</strong></span> <span class='ocrx_word' id='word_1_216' title='bbox 1238 2451 1383 2508; x_wconf 89' lang='lat' dir='ltr'><strong>conpone·</strong></span> 
     </span>
     <span class='ocr_line' id='line_1_25' title="bbox 269 2523 1384 2598; baseline -0.001 -16"><span class='ocrx_word' id='word_1_217' title='bbox 269 2524 354 2582; x_wconf 88' lang='lat' dir='ltr'><strong>batur</strong></span> <span class='ocrx_word' id='word_1_218' title='bbox 373 2523 462 2582; x_wconf 79' lang='lat' dir='ltr'><strong>Felici</strong></span> <span class='ocrx_word' id='word_1_219' title='bbox 482 2524 702 2598; x_wconf 82' lang='lat' dir='ltr'><strong>relegiosissimo</strong></span> <span class='ocrx_word' id='word_1_220' title='bbox 730 2524 862 2597; x_wconf 89' lang='lat' dir='ltr'><strong>episcopo</strong></span> <span class='ocrx_word' id='word_1_221' title='bbox 888 2540 940 2596; x_wconf 91' lang='lat' dir='ltr'><strong>per</strong></span> <span class='ocrx_word' id='word_1_222' title='bbox 966 2523 1153 2592; x_wconf 88' lang='lat' dir='ltr'><strong>mendacium,</strong></span> <span class='ocrx_word' id='word_1_223' title='bbox 1180 2526 1213 2582; x_wconf 93' lang='lat' dir='ltr'><strong>ut</strong></span> <span class='ocrx_word' id='word_1_224' title='bbox 1238 2523 1384 2582; x_wconf 89' lang='lat' dir='ltr'><strong>uideretur</strong></span> 
     </span>
    </p>

    <p class='ocr_par' dir='ltr' id='par_1_7' title="bbox 221 2609 1433 3128">
     <span class='ocr_line' id='line_1_26' title="bbox 221 2609 1431 2686; baseline 0.002 -19"><span class='ocrx_word' id='word_1_225' title='bbox 221 2612 424 2686; x_wconf 67' lang='lat' dir='ltr'><strong>:rescripturas</strong></span> <span class='ocrx_word' id='word_1_226' title='bbox 439 2613 598 2685; x_wconf 88' lang='lat' dir='ltr'><strong>prodidisse</strong></span> <span class='ocrx_word' id='word_1_227' title='bbox 612 2615 640 2670; x_wconf 89' lang='lat' dir='ltr'><strong>et</strong></span> <span class='ocrx_word' id='word_1_228' title='bbox 653 2612 804 2670; x_wconf 90' lang='lat' dir='ltr'><strong>exussisse.</strong></span> <span class='ocrx_word' id='word_1_229' title='bbox 817 2609 966 2684; x_wconf 82' lang='lat' dir='ltr'><strong>Ingentius</strong></span> <span class='ocrx_word' id='word_1_230' title='bbox 984 2612 1108 2685; x_wconf 86' lang='lat' dir='ltr'><strong>quidem,</strong></span> <span class='ocrx_word' id='word_1_231' title='bbox 1127 2629 1190 2671; x_wconf 88' lang='lat' dir='ltr'><strong>eum</strong></span> <span class='ocrx_word' id='word_1_232' title='bbox 1207 2612 1263 2671; x_wconf 90' lang='lat' dir='ltr'><strong>hoc</strong></span> <span class='ocrx_word' id='word_1_233' title='bbox 1280 2614 1383 2682; x_wconf 87' lang='lat' dir='ltr'><strong>totum,</strong></span> <span class='ocrx_word' id='word_1_234' title='bbox 1405 2621 1431 2662; x_wconf 77' lang='lat'><strong>2⁵</strong></span> 
     </span>
     <span class='ocr_line' id='line_1_27' title="bbox 271 2699 1385 2775; baseline 0 -17"><span class='ocrx_word' id='word_1_235' title='bbox 271 2700 406 2775; x_wconf 90' lang='lat' dir='ltr'><strong>quicquid</strong></span> <span class='ocrx_word' id='word_1_236' title='bbox 437 2702 550 2774; x_wconf 80' lang='lat' dir='ltr'><strong>agebat,</strong></span> <span class='ocrx_word' id='word_1_237' title='bbox 582 2702 696 2761; x_wconf 88' lang='lat' dir='ltr'><strong>obesset</strong></span> <span class='ocrx_word' id='word_1_238' title='bbox 726 2699 872 2757; x_wconf 77' lang='lat' dir='ltr'><strong>sanctitati</strong></span> <span class='ocrx_word' id='word_1_239' title='bbox 899 2702 928 2757; x_wconf 91' lang='lat' dir='ltr'><strong>et</strong></span> <span class='ocrx_word' id='word_1_240' title='bbox 954 2700 1092 2774; x_wconf 80' lang='lat' dir='ltr'><strong>relegioni</strong></span> <span class='ocrx_word' id='word_1_241' title='bbox 1120 2700 1282 2770; x_wconf 75' lang='lat' dir='ltr'><strong>Caeciliani,</strong></span> <span class='ocrx_word' id='word_1_242' title='bbox 1316 2701 1385 2759; x_wconf 93' lang='lat' dir='ltr'><strong>sub-</strong></span> 
     </span>
     <span class='ocr_line' id='line_1_28' title="bbox 271 2787 1387 2864; baseline -0.002 -16"><span class='ocrx_word' id='word_1_243' title='bbox 271 2793 386 2848; x_wconf 88' lang='lat' dir='ltr'><strong>ornatus</strong></span> <span class='ocrx_word' id='word_1_244' title='bbox 418 2791 470 2859; x_wconf 89' lang='lat' dir='ltr'><strong>eet,</strong></span> <span class='ocrx_word' id='word_1_245' title='bbox 503 2793 535 2848; x_wconf 91' lang='lat' dir='ltr'><strong>nt</strong></span> <span class='ocrx_word' id='word_1_246' title='bbox 564 2787 675 2847; x_wconf 88' lang='lat' dir='ltr'><strong>ueniret</strong></span> <span class='ocrx_word' id='word_1_247' title='bbox 704 2803 768 2845; x_wconf 89' lang='lat' dir='ltr'><strong>cum</strong></span> <span class='ocrx_word' id='word_1_248' title='bbox 800 2787 903 2847; x_wconf 89' lang='lat' dir='ltr'><strong>litteris</strong></span> <span class='ocrx_word' id='word_1_249' title='bbox 934 2788 1024 2847; x_wconf 92' lang='lat' dir='ltr'><strong>ueluti</strong></span> <span class='ocrx_word' id='word_1_250' title='bbox 1055 2788 1160 2847; x_wconf 82' lang='lat' dir='ltr'><strong>Felicis</strong></span> <span class='ocrx_word' id='word_1_251' title='bbox 1192 2789 1319 2864; x_wconf 89' lang='lat' dir='ltr'><strong>episcopi</strong></span> <span class='ocrx_word' id='word_1_252' title='bbox 1350 2789 1387 2846; x_wconf 90' lang='lat' dir='ltr'><strong>ad</strong></span> 
     </span>
     <span class='ocr_line' id='line_1_29' title="bbox 272 2874 1384 2952; baseline -0.001 -15"><span class='ocrx_word' id='word_1_253' title='bbox 272 2879 461 2937; x_wconf 75' lang='lat' dir='ltr'><strong>Caecilianum</strong></span> <span class='ocrx_word' id='word_1_254' title='bbox 484 2878 631 2936; x_wconf 91' lang='lat' dir='ltr'><strong>duouirum</strong></span> <span class='ocrx_word' id='word_1_255' title='bbox 650 2878 679 2933; x_wconf 90' lang='lat' dir='ltr'><strong>et</strong></span> <span class='ocrx_word' id='word_1_256' title='bbox 696 2874 722 2934; x_wconf 92' lang='lat' dir='ltr'><strong>ei</strong></span> <span class='ocrx_word' id='word_1_257' title='bbox 740 2876 916 2952; x_wconf 83' lang='lat' dir='ltr'><strong>confingeret</strong></span> <span class='ocrx_word' id='word_1_258' title='bbox 933 2895 950 2934; x_wconf 92' lang='lat' dir='ltr'><strong>a</strong></span> <span class='ocrx_word' id='word_1_259' title='bbox 967 2877 1062 2935; x_wconf 85' lang='lat' dir='ltr'><strong>Felice</strong></span> <span class='ocrx_word' id='word_1_260' title='bbox 1081 2892 1112 2935; x_wconf 92' lang='lat' dir='ltr'><strong>se</strong></span> <span class='ocrx_word' id='word_1_261' title='bbox 1130 2894 1193 2937; x_wconf 87' lang='lat' dir='ltr'><strong>esse</strong></span> <span class='ocrx_word' id='word_1_262' title='bbox 1210 2878 1384 2936; x_wconf 88' lang='lat' dir='ltr'><strong>mandatum.</strong></span> 
     </span>
     <span class='ocr_line' id='line_1_30' title="bbox 272 2964 1387 3041; baseline -0.001 -17"><span class='ocrx_word' id='word_1_263' title='bbox 272 2966 349 3025; x_wconf 91' lang='lat' dir='ltr'><strong>dicat</strong></span> <span class='ocrx_word' id='word_1_264' title='bbox 373 2967 437 3041; x_wconf 88' lang='lat' dir='ltr'><strong>ipsa</strong></span> <span class='ocrx_word' id='word_1_265' title='bbox 461 2965 558 3035; x_wconf 86' lang='lat' dir='ltr'><strong>uerba,</strong></span> <span class='ocrx_word' id='word_1_266' title='bbox 590 2964 693 3039; x_wconf 88' lang='lat' dir='ltr'><strong>quibus</strong></span> <span class='ocrx_word' id='word_1_267' title='bbox 719 2965 775 3024; x_wconf 89' lang='lat' dir='ltr'><strong>hoc</strong></span> <span class='ocrx_word' id='word_1_268' title='bbox 802 2970 847 3024; x_wconf 89' lang='lat' dir='ltr'><strong>est</strong></span> <span class='ocrx_word' id='word_1_269' title='bbox 872 2965 1031 3026; x_wconf 91' lang='lat' dir='ltr'><strong>confictum.</strong></span> <span class='ocrx_word' id='word_1_270' title='bbox 1067 2965 1204 3024; x_wconf 87' lang='lat' dir='ltr'><strong>Aelianus</strong></span> <span class='ocrx_word' id='word_1_271' title='bbox 1234 2966 1387 3040; x_wconf 85' lang='lat' dir='ltr'><strong>proconsul</strong></span> 
     </span>
     <span class='ocr_line' id='line_1_31' title="bbox 273 3053 1433 3128; baseline 0 -16"><span class='ocrx_word' id='word_1_272' title='bbox 273 3055 356 3113; x_wconf 85' lang='lat' dir='ltr'><strong>dixit:</strong></span> <span class='ocrx_word' id='word_1_273' title='bbox 386 3056 440 3113; x_wconf 91' lang='lat' dir='ltr'><strong>dic.</strong></span> <span class='ocrx_word' id='word_1_274' title='bbox 468 3055 650 3128; x_wconf 78' lang='lat' dir='ltr'><strong>Apronianus</strong></span> <span class='ocrx_word' id='word_1_275' title='bbox 678 3053 761 3113; x_wconf 89' lang='lat' dir='ltr'><strong>dixit:</strong></span> <span class='ocrx_word' id='word_1_276' title='bbox 795 3054 850 3123; x_wconf 90' lang='lat' dir='ltr'><strong>dic,</strong></span> <span class='ocrx_word' id='word_1_277' title='bbox 878 3054 981 3128; x_wconf 86' lang='lat' dir='ltr'><strong>inquit,</strong></span> <span class='ocrx_word' id='word_1_278' title='bbox 1010 3054 1167 3113; x_wconf 78' lang='lat' dir='ltr'><strong>Caeciliano</strong></span> <span class='ocrx_word' id='word_1_279' title='bbox 1195 3054 1285 3112; x_wconf 83' lang='lat' dir='ltr'><strong>amico</strong></span> <span class='ocrx_word' id='word_1_280' title='bbox 1313 3070 1386 3124; x_wconf 89' lang='lat' dir='ltr'><strong>meo,</strong></span> <span class='ocrx_word' id='word_1_281' title='bbox 1407 3070 1433 3112; x_wconf 86' lang='lat' dir='ltr'><strong>eo</strong></span> 
     </span>
    </p>
   </div>
   <div class='ocr_carea' id='block_1_3' title="bbox 362 3255 675 3327">
    <p class='ocr_par' dir='ltr' id='par_1_8' title="bbox 362 3255 675 3327">
     <span class='ocr_line' id='line_1_32' title="bbox 362 3255 675 3327; baseline -0.006 -16"><span class='ocrx_word' id='word_1_282' title='bbox 362 3260 376 3311; x_wconf 92' lang='lat'>1</span> <span class='ocrx_word' id='word_1_283' title='bbox 396 3275 434 3327; x_wconf 89' lang='lat' dir='ltr'><strong>sq.</strong></span> <span class='ocrx_word' id='word_1_284' title='bbox 454 3257 499 3310; x_wconf 82' lang='lat' dir='ltr'><strong>clx.</strong></span> <span class='ocrx_word' id='word_1_285' title='bbox 518 3273 544 3325; x_wconf 90' lang='lat' dir='ltr'><strong>p.</strong></span> <span class='ocrx_word' id='word_1_286' title='bbox 564 3256 623 3318; x_wconf 82' lang='lat'>202,</span> <span class='ocrx_word' id='word_1_287' title='bbox 643 3255 675 3309; x_wconf 88' lang='grc'><strong>19</strong></span> 
     </span>
    </p>
   </div>
   <div class='ocr_carea' id='block_1_4' title="bbox 270 3399 1393 4248">
    <p class='ocr_par' dir='ltr' id='par_1_9' title="bbox 270 3399 1393 4232">
     <span class='ocr_line' id='line_1_33' title="bbox 310 3399 1388 3474; baseline -0.001 -17"><span class='ocrx_word' id='word_1_288' title='bbox 310 3406 323 3457; x_wconf 95' lang='lat'>1</span> <span class='ocrx_word' id='word_1_289' title='bbox 335 3406 432 3474; x_wconf 87' lang='lat' dir='ltr'><strong>ualere]</strong></span> <span class='ocrx_word' id='word_1_290' title='bbox 446 3403 608 3472; x_wconf 69' lang='lat' dir='ltr'><strong>accipientia</strong></span> <span class='ocrx_word' id='word_1_291' title='bbox 616 3403 691 3471; x_wconf 81' lang='lat' dir='ltr'><strong>facit</strong></span> <span class='ocrx_word' id='word_1_292' title='bbox 703 3405 733 3458; x_wconf 91' lang='lat' dir='ltr'><em>D</em></span> <span class='ocrx_word' id='word_1_293' title='bbox 744 3404 830 3457; x_wconf 78' lang='lat' dir='ltr'><strong>uerba</strong></span> <span class='ocrx_word' id='word_1_294' title='bbox 841 3401 919 3469; x_wconf 86' lang='lat' dir='ltr'><strong>Ages.</strong></span> <span class='ocrx_word' id='word_1_295' title='bbox 933 3401 1101 3455; x_wconf 87' lang='lat' dir='ltr'><strong>dixit-bene</strong></span> <span class='ocrx_word' id='word_1_296' title='bbox 1116 3399 1204 3453; x_wconf 82' lang='lat' dir='ltr'><strong>ualere</strong></span> <span class='ocrx_word' id='word_1_297' title='bbox 1219 3401 1256 3464; x_wconf 79' lang='lat' dir='ltr'><strong>(a.</strong></span> <span class='ocrx_word' id='word_1_298' title='bbox 1273 3403 1388 3472; x_wconf 80' lang='lat'>14-17)</span> 
     </span>
     <span class='ocr_line' id='line_1_34' title="bbox 275 3470 1388 3545; baseline -0.001 -17"><span class='ocrx_word' id='word_1_299' title='bbox 275 3480 331 3528; x_wconf 76' lang='lat' dir='ltr'><strong>tum</strong></span> <span class='ocrx_word' id='word_1_300' title='bbox 353 3477 478 3531; x_wconf 88' lang='lat' dir='ltr'><strong>Aelianus</strong></span> <span class='ocrx_word' id='word_1_301' title='bbox 501 3491 539 3545; x_wconf 91' lang='lat' dir='ltr'><strong>pr.</strong></span> <span class='ocrx_word' id='word_1_302' title='bbox 563 3474 630 3528; x_wconf 86' lang='lat' dir='ltr'><strong>dixit</strong></span> <span class='ocrx_word' id='word_1_303' title='bbox 655 3492 692 3544; x_wconf 79' lang='lat' dir='ltr'><strong>eq.</strong></span> <span class='ocrx_word' id='word_1_304' title='bbox 719 3492 748 3543; x_wconf 75' lang='lat' dir='ltr'><strong>p.</strong></span> <span class='ocrx_word' id='word_1_305' title='bbox 778 3474 839 3535; x_wconf 88' lang='grc'>202,</span> <span class='ocrx_word' id='word_1_306' title='bbox 869 3472 899 3524; x_wconf 83' lang='grc'><strong>15</strong></span> <span class='ocrx_word' id='word_1_307' title='bbox 928 3473 988 3539; x_wconf 91' lang='lat' dir='ltr'><strong>(hoc</strong></span> <span class='ocrx_word' id='word_1_308' title='bbox 1015 3470 1255 3540; x_wconf 75' lang='lat' dir='ltr'><strong>signum-scripta</strong></span> <span class='ocrx_word' id='word_1_309' title='bbox 1281 3476 1344 3527; x_wconf 83' lang='lat' dir='ltr'><strong>sunt</strong></span> <span class='ocrx_word' id='word_1_310' title='bbox 1361 3490 1388 3527; x_wconf 83' lang='lat' dir='ltr'><strong>u.</strong></span> 
     </span>
     <span class='ocr_line' id='line_1_35' title="bbox 274 3540 1392 3614; baseline 0 -15"><span class='ocrx_word' id='word_1_311' title='bbox 274 3546 360 3600; x_wconf 86' lang='grc'>2-13</span> <span class='ocrx_word' id='word_1_312' title='bbox 389 3547 480 3598; x_wconf 72' lang='lat' dir='ltr'><strong>mein</strong></span> <span class='ocrx_word' id='word_1_313' title='bbox 512 3545 541 3598; x_wconf 89' lang='lat' dir='ltr'><em>D</em></span> <span class='ocrx_word' id='word_1_314' title='bbox 567 3563 588 3614; x_wconf 77' lang='lat' dir='ltr'><strong>p</strong></span> <span class='ocrx_word' id='word_1_315' title='bbox 621 3547 662 3614; x_wconf 88' lang='lat'><strong>13)</strong></span> <span class='ocrx_word' id='word_1_316' title='bbox 742 3545 758 3598; x_wconf 89' lang='grc'>2</span> <span class='ocrx_word' id='word_1_317' title='bbox 785 3544 835 3597; x_wconf 92' lang='lat' dir='ltr'><strong>hoc</strong></span> <span class='ocrx_word' id='word_1_318' title='bbox 868 3541 945 3610; x_wconf 85' lang='lat' dir='ltr'><strong>signo</strong></span> <span class='ocrx_word' id='word_1_319' title='bbox 977 3545 1021 3607; x_wconf 93' lang='lat'><strong>(=</strong></span> <span class='ocrx_word' id='word_1_320' title='bbox 1051 3540 1098 3594; x_wconf 87' lang='lat' dir='ltr'><strong>das</strong></span> <span class='ocrx_word' id='word_1_321' title='bbox 1127 3540 1246 3610; x_wconf 83' lang='lat' dir='ltr'><strong>bezeuge</strong></span> <span class='ocrx_word' id='word_1_322' title='bbox 1275 3542 1328 3607; x_wconf 88' lang='lat' dir='ltr'><strong>ich)</strong></span> <span class='ocrx_word' id='word_1_323' title='bbox 1365 3544 1392 3599; x_wconf 90' lang='lat' dir='ltr'><em>U</em></span> 
     </span>
     <span class='ocr_line' id='line_1_36' title="bbox 270 3611 1390 3684; baseline -0.003 -13"><span class='ocrx_word' id='word_1_324' title='bbox 270 3633 300 3684; x_wconf 82' lang='lat' dir='ltr'><strong>p.</strong></span> <span class='ocrx_word' id='word_1_325' title='bbox 330 3617 362 3671; x_wconf 90' lang='lat'><strong>18</strong></span> <span class='ocrx_word' id='word_1_326' title='bbox 391 3615 447 3673; x_wconf 73' lang='lat' dir='ltr'><strong>(cfr.</strong></span> <span class='ocrx_word' id='word_1_327' title='bbox 474 3617 534 3678; x_wconf 88' lang='grc'>202,</span> <span class='ocrx_word' id='word_1_328' title='bbox 565 3617 606 3682; x_wconf 85' lang='grc'><strong>19)</strong></span> <span class='ocrx_word' id='word_1_329' title='bbox 739 3615 754 3668; x_wconf 86' lang='grc'><strong>3</strong></span> <span class='ocrx_word' id='word_1_330' title='bbox 777 3615 835 3669; x_wconf 85' lang='lat' dir='ltr'><strong>ise</strong></span> <span class='ocrx_word' id='word_1_331' title='bbox 861 3612 934 3666; x_wconf 86' lang='lat' dir='ltr'><strong>cuiue</strong></span> <span class='ocrx_word' id='word_1_332' title='bbox 958 3615 1009 3682; x_wconf 84' lang='lat' dir='ltr'><strong>cst]</strong></span> <span class='ocrx_word' id='word_1_333' title='bbox 1030 3611 1166 3681; x_wconf 83' lang='lat' dir='ltr'><strong>ingressus</strong></span> <span class='ocrx_word' id='word_1_334' title='bbox 1193 3628 1222 3666; x_wconf 92' lang='lat' dir='ltr'><strong>es</strong></span> <span class='ocrx_word' id='word_1_335' title='bbox 1252 3613 1279 3667; x_wconf 89' lang='lat' dir='ltr'><em>U</em></span> <span class='ocrx_word' id='word_1_336' title='bbox 1297 3630 1328 3681; x_wconf 79' lang='lat' dir='ltr'><strong>p.</strong></span> <span class='ocrx_word' id='word_1_337' title='bbox 1358 3615 1390 3668; x_wconf 91' lang='lat'><strong>18</strong></span> 
     </span>
     <span class='ocr_line' id='line_1_37' title="bbox 275 3632 1393 3755; baseline 0 -16"><span class='ocrx_word' id='word_1_338' title='bbox 275 3685 451 3755; x_wconf 87' lang='lat' dir='ltr'><strong>precatorium</strong></span> <span class='ocrx_word' id='word_1_339' title='bbox 469 3686 528 3740; x_wconf 82' lang='lat' dir='ltr'><strong>edd.</strong></span> <span class='ocrx_word' id='word_1_340' title='bbox 599 3683 718 3738; x_wconf 81' lang='lat' dir='ltr'><strong>claueC</strong></span> <span class='ocrx_word' id='word_1_341' title='bbox 751 3632 910 3740; x_wconf 45' lang='lat' dir='ltr'><strong>iaciemus</strong></span> <span class='ocrx_word' id='word_1_342' title='bbox 929 3684 988 3738; x_wconf 78' lang='lat' dir='ltr'><strong>edd.</strong></span> <span class='ocrx_word' id='word_1_343' title='bbox 1041 3681 1109 3736; x_wconf 88' lang='lat' dir='ltr'><strong>dixit</strong></span> <span class='ocrx_word' id='word_1_344' title='bbox 1126 3683 1217 3752; x_wconf 82' lang='lat' dir='ltr'><strong>egoG</strong></span> <span class='ocrx_word' id='word_1_345' title='bbox 1270 3683 1393 3753; x_wconf 83' lang='lat' dir='ltr'><strong>aliquiO</strong></span> 
     </span>
     <span class='ocr_line' id='line_1_38' title="bbox 276 3753 1389 3823; baseline -0.001 -13"><span class='ocrx_word' id='word_1_346' title='bbox 276 3759 292 3810; x_wconf 87' lang='grc'>9</span> <span class='ocrx_word' id='word_1_347' title='bbox 315 3775 336 3811; x_wconf 90' lang='lat' dir='ltr'><strong>c.</strong></span> <span class='ocrx_word' id='word_1_348' title='bbox 360 3755 517 3809; x_wconf 84' lang='lat' dir='ltr'><strong>officialibus</strong></span> <span class='ocrx_word' id='word_1_349' title='bbox 540 3756 598 3809; x_wconf 76' lang='lat' dir='ltr'><strong>edd.</strong></span> <span class='ocrx_word' id='word_1_350' title='bbox 617 3759 727 3823; x_wconf 69' lang='lat' dir='ltr'><strong>praece</strong></span> <span class='ocrx_word' id='word_1_351' title='bbox 747 3755 776 3809; x_wconf 90' lang='lat' dir='ltr'><em>B</em></span> <span class='ocrx_word' id='word_1_352' title='bbox 862 3753 894 3806; x_wconf 90' lang='grc'><strong>13</strong></span> <span class='ocrx_word' id='word_1_353' title='bbox 916 3753 1052 3809; x_wconf 83' lang='lat' dir='ltr'><strong>hereatO</strong></span> <span class='ocrx_word' id='word_1_354' title='bbox 1139 3755 1173 3807; x_wconf 86' lang='lat'><strong>14</strong></span> <span class='ocrx_word' id='word_1_355' title='bbox 1195 3753 1229 3807; x_wconf 91' lang='lat' dir='ltr'><strong>ad</strong></span> <span class='ocrx_word' id='word_1_356' title='bbox 1251 3759 1389 3823; x_wconf 88' lang='lat' dir='ltr'><strong>praesente</strong></span> 
     </span>
     <span class='ocr_line' id='line_1_39' title="bbox 277 3823 1389 3896; baseline -0.002 -15"><span class='ocrx_word' id='word_1_357' title='bbox 277 3827 392 3896; x_wconf 89' lang='lat' dir='ltr'><strong>epistola</strong></span> <span class='ocrx_word' id='word_1_358' title='bbox 410 3826 560 3892; x_wconf 59' lang='lat' dir='ltr'><strong>:epistolam</strong></span> <span class='ocrx_word' id='word_1_359' title='bbox 580 3827 616 3893; x_wconf 76' lang='grc' dir='ltr'><strong>Β)</strong></span> <span class='ocrx_word' id='word_1_360' title='bbox 639 3824 695 3885; x_wconf 79' lang='lat' dir='ltr'><strong>OB.</strong></span> <span class='ocrx_word' id='word_1_361' title='bbox 715 3824 819 3893; x_wconf 80' lang='lat' dir='ltr'><strong>defend.</strong></span> <span class='ocrx_word' id='word_1_362' title='bbox 841 3823 872 3880; x_wconf 88' lang='lat' dir='ltr'><strong>U.</strong></span> <span class='ocrx_word' id='word_1_363' title='bbox 886 3842 916 3892; x_wconf 82' lang='lat' dir='ltr'><strong>p.</strong></span> <span class='ocrx_word' id='word_1_364' title='bbox 935 3828 968 3879; x_wconf 80' lang='lat'><strong>41</strong></span> <span class='ocrx_word' id='word_1_365' title='bbox 1024 3824 1055 3877; x_wconf 81' lang='lat'><strong>15</strong></span> <span class='ocrx_word' id='word_1_366' title='bbox 1074 3824 1188 3878; x_wconf 81' lang='lat' dir='ltr'><strong>ialeaG</strong></span> <span class='ocrx_word' id='word_1_367' title='bbox 1256 3826 1389 3896; x_wconf 80' lang='lat' dir='ltr'><strong>Idusque</strong></span> 
     </span>
     <span class='ocr_line' id='line_1_40' title="bbox 277 3894 1388 3966; baseline -0.002 -15"><span class='ocrx_word' id='word_1_368' title='bbox 277 3898 311 3952; x_wconf 90' lang='lat' dir='ltr'><strong>ad</strong></span> <span class='ocrx_word' id='word_1_369' title='bbox 328 3899 379 3950; x_wconf 91' lang='lat' dir='ltr'><strong>hoc</strong></span> <span class='ocrx_word' id='word_1_370' title='bbox 396 3895 454 3950; x_wconf 79' lang='lat' dir='ltr'><strong>cdd.</strong></span> <span class='ocrx_word' id='word_1_371' title='bbox 492 3896 524 3946; x_wconf 90' lang='grc'><strong>21</strong></span> <span class='ocrx_word' id='word_1_372' title='bbox 543 3895 650 3949; x_wconf 86' lang='lat' dir='ltr'><strong>modum</strong></span> <span class='ocrx_word' id='word_1_373' title='bbox 668 3897 712 3966; x_wconf 84' lang='lat'><strong>(=</strong></span> <span class='ocrx_word' id='word_1_374' title='bbox 729 3895 850 3962; x_wconf 84' lang='lat' dir='ltr'><strong>formam,</strong></span> <span class='ocrx_word' id='word_1_375' title='bbox 867 3897 992 3964; x_wconf 79' lang='lat' dir='ltr'><strong>speciem)</strong></span> <span class='ocrx_word' id='word_1_376' title='bbox 1012 3909 1078 3949; x_wconf 86' lang='lat' dir='ltr'><strong>curs.</strong></span> <span class='ocrx_word' id='word_1_377' title='bbox 1097 3895 1153 3949; x_wconf 90' lang='lat' dir='ltr'><strong>BD</strong></span> <span class='ocrx_word' id='word_1_378' title='bbox 1192 3896 1226 3949; x_wconf 88' lang='grc'><strong>22</strong></span> <span class='ocrx_word' id='word_1_379' title='bbox 1245 3894 1388 3951; x_wconf 83' lang='lat' dir='ltr'><strong>catholicae</strong></span> 
     </span>
     <span class='ocr_line' id='line_1_41' title="bbox 277 3964 1390 4030; baseline 0 -9"><span class='ocrx_word' id='word_1_380' title='bbox 277 3968 389 4022; x_wconf 83' lang='lat' dir='ltr'><strong>unitatis</strong></span> <span class='ocrx_word' id='word_1_381' title='bbox 402 3982 464 4019; x_wconf 89' lang='lat' dir='ltr'><strong>uen.</strong></span> <span class='ocrx_word' id='word_1_382' title='bbox 476 3965 505 4028; x_wconf 86' lang='lat'><strong>0,</strong></span> <span class='ocrx_word' id='word_1_383' title='bbox 520 3967 666 4020; x_wconf 86' lang='lat' dir='ltr'><strong>catholicae</strong></span> <span class='ocrx_word' id='word_1_384' title='bbox 680 3965 811 4020; x_wconf 85' lang='lat' dir='ltr'><strong>unitatem</strong></span> <span class='ocrx_word' id='word_1_385' title='bbox 824 3964 881 4020; x_wconf 81' lang='lat' dir='ltr'><strong>cdd.</strong></span> <span class='ocrx_word' id='word_1_386' title='bbox 897 3983 917 4019; x_wconf 92' lang='lat' dir='ltr'><strong>c.</strong></span> <span class='ocrx_word' id='word_1_387' title='bbox 938 3967 1063 4022; x_wconf 85' lang='lat' dir='ltr'><strong>ecclesiae</strong></span> <span class='ocrx_word' id='word_1_388' title='bbox 1077 3984 1122 4023; x_wconf 91' lang='lat' dir='ltr'><strong>un.</strong></span> <span class='ocrx_word' id='word_1_389' title='bbox 1131 3966 1168 4030; x_wconf 85' lang='lat' dir='ltr'><strong>D,</strong></span> <span class='ocrx_word' id='word_1_390' title='bbox 1181 3967 1273 4021; x_wconf 85' lang='lat' dir='ltr'><strong>fideles</strong></span> <span class='ocrx_word' id='word_1_391' title='bbox 1292 3966 1390 4021; x_wconf 73' lang='lat' dir='ltr'><strong>addidi</strong></span> 
     </span>
     <span class='ocr_line' id='line_1_42' title="bbox 277 4035 1386 4107; baseline -0.001 -17"><span class='ocrx_word' id='word_1_392' title='bbox 277 4038 311 4091; x_wconf 83' lang='lat'><strong>23</strong></span> <span class='ocrx_word' id='word_1_393' title='bbox 324 4038 452 4092; x_wconf 88' lang='lat' dir='ltr'><strong>indiceret</strong></span> <span class='ocrx_word' id='word_1_394' title='bbox 468 4035 492 4088; x_wconf 81' lang='grc' dir='ltr'><em>Ο</em></span> <span class='ocrx_word' id='word_1_395' title='bbox 524 4037 558 4090; x_wconf 82' lang='lat'><strong>25</strong></span> <span class='ocrx_word' id='word_1_396' title='bbox 571 4041 598 4089; x_wconf 86' lang='lat' dir='ltr'><strong>et</strong></span> <span class='ocrx_word' id='word_1_397' title='bbox 608 4039 700 4104; x_wconf 80' lang='lat' dir='ltr'><strong>(repet.</strong></span> <span class='ocrx_word' id='word_1_398' title='bbox 712 4036 743 4089; x_wconf 82' lang='lat' dir='ltr'><strong>to</strong></span> <span class='ocrx_word' id='word_1_399' title='bbox 749 4035 802 4105; x_wconf 72' lang='lat' dir='ltr'><strong>sol.</strong></span> <span class='ocrx_word' id='word_1_400' title='bbox 812 4036 904 4097; x_wconf 75' lang='lat' dir='ltr'><strong>initio)</strong></span> <span class='ocrx_word' id='word_1_401' title='bbox 922 4037 945 4091; x_wconf 85' lang='lat'><em>0</em></span> <span class='ocrx_word' id='word_1_402' title='bbox 977 4037 1259 4107; x_wconf 66' lang='lat' dir='ltr'><strong>Ingenuus-reddam</strong></span> <span class='ocrx_word' id='word_1_403' title='bbox 1272 4037 1333 4090; x_wconf 88' lang='lat' dir='ltr'><strong>illos</strong></span> <span class='ocrx_word' id='word_1_404' title='bbox 1348 4039 1386 4106; x_wconf 80' lang='lat' dir='ltr'><strong>(p.</strong></span> 
     </span>
     <span class='ocr_line' id='line_1_43' title="bbox 277 4106 1391 4232; baseline 0.002 -72"><span class='ocrx_word' id='word_1_405' title='bbox 277 4106 628 4232; x_wconf 57' lang='lat' dir='ltr'><strong>{31:31⁸W08ssaoe&#39;28·</strong></span> <span class='ocrx_word' id='word_1_406' title='bbox 651 4107 683 4161; x_wconf 85' lang='lat' dir='ltr'><strong>U.</strong></span> <span class='ocrx_word' id='word_1_407' title='bbox 696 4123 726 4175; x_wconf 80' lang='lat' dir='ltr'><strong>p.</strong></span> <span class='ocrx_word' id='word_1_408' title='bbox 746 4106 779 4161; x_wconf 82' lang='lat'><strong>30</strong></span> <span class='ocrx_word' id='word_1_409' title='bbox 796 4124 834 4177; x_wconf 77' lang='lat' dir='ltr'><strong>sp.</strong></span> <span class='ocrx_word' id='word_1_410' title='bbox 922 4106 1073 4178; x_wconf 84' lang='lat' dir='ltr'><strong>quidamO</strong></span> <span class='ocrx_word' id='word_1_411' title='bbox 1159 4109 1193 4164; x_wconf 90' lang='grc'>28</span> <span class='ocrx_word' id='word_1_412' title='bbox 1211 4125 1227 4161; x_wconf 88' lang='lat' dir='ltr'><strong>a</strong></span> <span class='ocrx_word' id='word_1_413' title='bbox 1244 4107 1391 4173; x_wconf 78' lang='lat' dir='ltr'><strong>felicemO</strong></span> 
     </span>
    </p>

    <p class='ocr_par' dir='ltr' id='par_1_10' title="bbox 328 4194 479 4248">
     <span class='ocr_line' id='line_1_44' title="bbox 328 4194 479 4248; baseline -0.007 -18"><span class='ocrx_word' id='word_1_414' title='bbox 328 4195 386 4248; x_wconf 82' lang='lat' dir='ltr'><strong>ipse</strong></span> <span class='ocrx_word' id='word_1_415' title='bbox 399 4194 479 4246; x_wconf 81' lang='lat' dir='ltr'><strong>prop.</strong></span> 
     </span>
    </p>
   </div>
   <div class='ocr_carea' id='block_1_5' title="bbox 0 0 1533 4656">
    <p class='ocr_par' dir='ltr' id='par_1_11' title="bbox 0 0 1533 4656">
     <span class='ocr_line' id='line_1_45' title="bbox 0 0 1533 4656; baseline 0 0"><span class='ocrx_word' id='word_1_416' title='bbox 0 0 1533 4656; x_wconf 95' lang='lat' dir='ltr'><strong> </strong></span> 
     </span>
    </p>
   </div>
  </div>
 </body>
</html>
