3044 4656
630 342 844 400 Praefatio.
1197 361 1300 429 XXIX

36 444 92 631 l
174 547 399 610 compararem,
421 531 451 596 in
476 533 616 598 codicem
637 534 734 600 incidi
747 538 962 620 Baluzianum,
985 543 1017 608 in
1040 565 1101 628 quo
1125 542 1299 618 Siluianmn

37 634 40 639 ’
174 632 266 700 illum
292 634 353 702 hoc
381 637 507 703 nomine
528 637 645 704 frustra
666 639 892 726 inuestigatnm
915 649 1041 732 agnoui.
1064 651 1171 735 itaque
1194 675 1298 740 super·

172 737 272 803 fluum
289 739 363 806 duxi
380 742 552 811 lectionum
570 746 728 828 specimen
751 767 863 833 angere
885 751 965 824 locis
988 773 1023 819 er
1041 754 1297 841 Sangermanensi

172 842 228 927 illo
246 844 426 930 seligendis,
441 861 631 948 quemqnam
649 852 704 934 qni
722 871 758 918 er
775 853 884 920 eodem
902 859 1115 943 manuscripto
1134 865 1297 949 exscripsit

170 969 232 1015 non
255 952 371 1035 ubique
392 958 477 1020 recte
499 955 627 1039 legisse,
649 960 734 1023 recte
756 960 921 1028 adnotasse
943 964 1078 1032 uidetur.

214 1055 366 1139 llroerpta
392 1060 543 1125 nchnnlla
560 1079 596 1125 ex
615 1059 729 1143 Optato
749 1065 888 1140 continet
908 1072 1068 1151 praeterea
1085 1071 1180 1138 codex
1197 1075 1294 1141 Pari-

169 1159 274 1226 sinna
297 1182 343 1230 nr.
368 1164 583 1231 ercalinde
606 1185 625 1230 a
646 1168 700 1235 fol.
725 1171 780 1234 67·
802 1209 844 1219 -
867 1174 931 1252 69·,
955 1175 1008 1258 qni
1030 1176 1062 1240 in
1081 1179 1293 1263 catalogorum

165 1267 324 1334 indicibus
351 1270 489 1335 omissus
522 1270 561 1336 ad
589 1273 682 1339 crisin
709 1276 787 1342 nihil
812 1297 940 1361 prorsus
971 1280 1143 1348 adiumenti
1173 1283 1292 1350 adferre

166 1375 283 1456 potest.
297 1373 557 1442 idemualetcod.
571 1378 782 1447 Tolosanns
797 1403 841 1452 nr.
853 1386 916 1450 468
927 1383 997 1473 (cfr.
1007 1389 1096 1456 66161.
1108 1388 1291 1476 6666661111)
1385 1384 1390 1393 ’

210 1478 335 1557 Restat,
349 1482 387 1544 ut
409 1481 525 1547 codicis
540 1483 687 1566 (lusani,
707 1506 816 1570 eiquo
832 1489 927 1557 editio
943 1492 1087 1576 princepe
1106 1493 1401 1568 aCochlaeoomu

165 1584 309 1648 conlecta
324 1587 382 1661 est,
396 1586 588 1651 mentionem
606 1591 718 1655 saltem
736 1593 858 1675 faciam,
873 1616 1060 1681 quamquam
1076 1600 1159 1663 hunc
1175 1601 1290 1665 lihrnm

165 1688 283 1754 frustra
309 1705 328 1750 a
353 1705 405 1752 me
431 1688 617 1771 inspiciendi
644 1711 739 1757 causa
765 1715 827 1776 qua
857 1698 948 1764 decet
978 1701 1156 1766 humilitate
1181 1707 1290 1786 postn-

164 1789 269 1860 latum·
287 1790 351 1855 hnc
381 1792 555 1856 transmitti
585 1795 710 1859 tandem
741 1799 819 1861 mihi
845 1806 995 1884 negatum
1022 1807 1080 1866 est.
1108 1803 1290 1867 adsematnr

163 1897 197 1963 in
224 1896 415 1962 bibliotheca
441 1898 591 1981 hospitali
618 1898 741 1964 (insana
768 1903 827 1966 snb
853 1922 899 1968 nr.
927 1907 969 1968 30
996 1905 1121 1971 61666.
1147 1907 1164 1969 7
1192 1907 1288 1972 codor

164 2003 385 2068 miscellanens
421 2021 447 2068 6.
474 2003 544 2079 XV,
572 2003 626 2085 qui
654 2003 761 2087 Optati
789 2010 991 2073 sextantum
1021 2010 1118 2076 libros
1150 2012 1288 2077 continet

162 2108 214 2174 his
235 2107 383 2172 nerbisa
413 2126 509 2172 manu
544 2109 762 2174 recentissima
797 2110 927 2180 additis:
960 2114 1034 2178 liber
1062 2113 1132 2177 VII
1160 2117 1213 2196 qai
1243 2120 1287 2181 eet

161 2214 290 2295 6666666
312 2213 515 2278 derideatur.
542 2215 606 2279 iam
629 2214 820 2281 cochlaeum
841 2217 956 2282 libmm
980 2220 1150 2301 septimum
1170 2219 1203 2284 in
1225 2221 1285 2286 hoo

159 2320 268 2386 codice
291 2338 351 2384 non
374 2318 534 2385 inuenisse
556 2323 669 2401 postea
690 2321 860 2403 apparebit

205 2423 366 2490 Desiderio
378 2423 512 2506 quodam
522 2424 625 2489 adhuc
635 2425 1282 2510 angimureodicisBobiensisnr.23132

160 2549 187 2596 s.
213 2531 253 2598 X.
280 2528 349 2615 (cfr.
377 2528 547 2608 Muratort',
579 2530 696 2610 antiqu.
728 2530 789 2608 III,
822 2530 901 2610 8173
934 2529 1060 2609 Becker,
1091 2529 1180 2598 catal.
1213 2530 1281 2598 bibl.

62 2710 64 2715 ¹
160 2637 283 2718 6611666·
298 2656 334 2717 p.
355 2635 412 2714 64,
431 2636 449 2718 ἕ
468 2636 524 2719 32)
547 2639 579 2700 66
601 2635 719 2702 codicis
741 2635 828 2700 illius
852 2635 999 2714 Tiliani,
1023 2656 1084 2718 qno
1107 2636 1390 2702 Baldninusnnana

160 2741 329 2807 editionem
360 2760 449 2807 snam
482 2743 682 2807 crematurus
715 2743 844 2806 alteram
875 2753 964 2807 6666
984 2744 1034 2807 666
1063 2761 1145 2808 6666
1182 2761 1280 2824 eoque

158 2847 297 2930 pretioso
334 2845 451 2911 criseos
484 2845 684 2912 adminiculo.
716 2844 772 2909 sed
806 2845 869 2909 iam
891 2845 1038 2929 aninio,
1070 2847 1125 2930 qui
1156 2850 1281 2912 centum

158 2953 223 3018 fere
254 2951 462 3037 qnadraginta
494 2950 582 3014 annis
612 2952 687 3032 post
708 2950 854 3015 Baldnini
886 2937 975 3020 caras
999 2950 1148 3036 Optatam
1179 2953 1280 3018 denuo

157 3058 324 3137 recensuit,
356 3057 440 3123 hunc
470 3056 586 3121 lihmm
612 3054 737 3132 ,uidere
767 3075 829 3122 non
852 3058 1016 3142 contigit‘.
1038 3057 1204 3123 Bobiensis
1225 3058 1280 3125 ille

163 3166 277 3243 ,libros
305 3162 413 3246 Optati
444 3161 583 3245 episcopi
614 3163 721 3227 contra
750 3162 932 3229 Donatistae
963 3163 1012 3228 11·
1052 3163 1212 3230 continens
1248 3167 1280 3229 et

8 3252 20 3295 '⁵
156 3272 297 3336 'lilianus
333 3268 435 3334 adhuc
469 3287 570 3350 usqne
605 3267 758 3333 deludunt
786 3269 895 3335 oculos
924 3268 1056 3333 latibula
1090 3268 1279 3352 inuestigare

156 3377 211 3440 nel
240 3376 297 3440 lati
328 3374 419 3458 quasi
449 3375 573 3439 occulta
603 3373 721 3456 aperire
752 3374 924 3458 cupientes.
958 3377 1064 3438 tamen
1095 3392 1176 3438 unns
1207 3375 1278 3439 Bal·

158 3480 287 3558 duinus,
327 3499 390 3562 qua
429 3481 479 3543 est
517 3479 549 3542 in
587 3479 681 3544 rebus
722 3479 839 3546 criticis
879 3479 1048 3564 grauitate,
1089 3478 1178 3544 nohis
1221 3500 1277 3562 pro

156 3586 236 3650 libro
268 3585 329 3650 etsi
363 3583 524 3667 deperdito
560 3602 630 3649 6666
664 3587 770 3667 potest
800 3621 845 3632 -
876 3587 951 3650 sunt
982 3584 1064 3648 enirn
1094 3585 1277 3668 plemmqne

158 3689 274 3755 Wolfio
297 3692 378 3755 teste
399 3689 472 3755 libri
492 3689 589 3754 erardo
609 3689 744 3755 oracula.
764 3689 849 3755 idem
865 3689 934 3773 ipse
955 3690 1135 3767 ,historiam
1158 3690 1277 3756 cartha·

154 3794 296 3880 ginensis
327 3795 521 3860 collationis*
556 3814 645 3860 suam
675 3794 922 3878 prooemiatnrns
948 3794 1116 3861 Iohannem
1138 3796 1275 3861 ‘lilium

154 3900 339 3984 episcopum
361 3900 555 3965 Meldensem
582 3900 633 3982 (de
653 3920 712 3981 qao
734 3899 790 3980 cfr.
813 3897 937 3976 Delicta,
961 3900 987 3965 le
1017 3901 1115 3965 eahta.
1142 3901 1168 3979 Ι,
1196 3898 1273 3984 285)

154 4003 326 4088 compellat
359 4004 511 4070 scribens:
553 4023 644 4081 ,cum
679 4004 766 4070 hisce
802 4005 913 4071 diebns
941 4004 1091 4090 Optatam
1122 4007 1273 4082 nostrum,

154 4129 249 4193 qnem
283 4128 342 4193 ope
377 4109 424 4172 tar·
457 4111 568 4175 6666666
601 4111 716 4184 iterum
752 4111 1089 4179 emendatum..edere
1120 4109 1269 4175 instituo·

156 4232 184 4280 6.
211 4235 241 4298 q.
269 4235 315 4299 sq.
343 4217 376 4280 et
402 4215 463 4281 alio
485 4216 555 4283 loco
584 4217 791 4297 (commentar.
823 4236 927 4280 rerum
957 4215 1116 4281 6661666666.
1143 4235 1179 4296 p.
1209 4218 1273 4300 l.).·
