3044 4656
451 316 487 369 II.
510 316 591 370 Acta
613 316 826 387 purgationis
847 315 978 370 Felicis.
1210 320 1274 383 203

159 512 257 572 consul
276 512 358 570 dixit:
383 531 464 587 quem
484 514 555 573 dicis
579 514 723 573 addidisse
745 515 781 572 ad
805 513 971 587 epistolam?
995 513 1170 572 Caecilianus
1189 514 1273 572 dixit:

156 600 329 674 lugentium.
352 603 488 661 Aelianus
510 604 663 677 proconsul
685 602 769 663 dixit:
792 601 930 677 professio
952 603 1002 659 tua
1024 603 1095 662 actis
1117 603 1224 661 haeret.

200 689 337 747 Aelianus
372 690 525 763 proconsul
559 690 691 766 Ingentio
727 691 816 749 dixit:
853 689 1008 765 torqueris,
1045 707 1082 749 ue
1116 690 1273 750 mentiaris.

156 777 304 851 ingentius
332 778 416 837 dixit:
450 780 551 850 erraui,
582 779 650 839 hnic
682 779 818 853 epistolae
850 795 902 852 ege
935 778 1032 837 addidi
1063 779 1161 838 dolens
1189 795 1274 838 causa

125 874 141 911 -5
157 865 248 923 Mauri
269 866 392 940 hospitis
414 868 479 928 mei.
504 869 640 927 Aelianus
657 867 811 941 proconsul
830 867 913 924 dixit:
939 858 1162 948 [Constantinus]
1183 868 1327 926 Maxi-ass

156 971 218 1012 mus
240 971 352 1027 semper
368 957 515 1030 Augustus
538 960 566 1015 et
588 956 714 1014 Licinius
733 957 867 1015 Caesares
891 955 932 1012 ita
953 953 1087 1028 pietatem
1110 956 1274 1014 christianis

156 1042 286 1101 exhibere
319 1044 481 1118 dignantur,
514 1049 547 1103 ut
578 1045 755 1118 disciplinam
792 1043 933 1117 corrumpi
963 1044 1065 1114 nolint,
1098 1045 1148 1124 sed
1178 1043 1274 1117 potius

156 1131 301 1189 obsemari
316 1133 495 1206 'relegionem
517 1134 602 1193 istam
625 1137 653 1192 et
676 1133 731 1192 ccli
752 1132 851 1191 uelint.
875 1132 934 1190 noli
956 1131 1053 1205 itaque
1071 1132 1123 1190 tibi
1142 1132 1274 1202 blandiri,

155 1221 231 1292 qnod
264 1238 326 1278 cum
357 1221 427 1279 mihi
458 1222 537 1281 dicas
565 1223 611 1281 dei
638 1223 776 1282 cultorem
800 1223 828 1279 te
856 1238 927 1290 esse,
958 1211 1012 1302 [ac]
1039 1224 1190 1295 propterea
1217 1238 1275 1279 non

110 1313 135 1352 ¹⁰
153 1308 248 1380 possis
270 1309 404 1382 torqueri.
441 1311 592 1384 torqueris,
616 1328 652 1368 ne
674 1310 831 1381 mentiaris
861 1309 936 1382 quod
963 1308 1085 1367 alienum
1113 1308 1277 1368 christianis

154 1413 216 1454 esse
234 1396 356 1456 uidetur.
381 1402 409 1456 et
430 1399 494 1457 ideo
518 1399 564 1457 dic
583 1399 757 1472 simpliciter,
777 1414 813 1455 ne
831 1397 999 1470 torquearis.
1022 1397 1171 1472 Ingentius
1191 1396 1275 1455 dixit:

152 1483 209 1542 iam
238 1484 386 1543 confessus
413 1503 475 1543 sum
504 1487 565 1544 sine
592 1489 743 1545 tormento.
781 1485 964 1559 Apronianus
987 1485 1071 1544 dixit:
1101 1486 1218 1560 dignare
1242 1485 1277 1542 de

154 1588 186 1630 eo
220 1589 369 1643 quaerere,
402 1590 459 1645 qua
490 1575 672 1642 auctoritate,
707 1590 762 1646 quo
795 1572 875 1642 dolo,
908 1590 965 1646 qua
994 1574 1108 1632 insania
1135 1572 1278 1632 circuierit

152 1659 340 1717 Mauritanias
365 1676 473 1729 omnes,
497 1660 647 1717 Numidiae
670 1659 764 1727 etiam,
789 1676 845 1731 qua
867 1660 976 1719 ratione
1003 1661 1172 1718 seditionem
1199 1677 1277 1718 com·

108 1754 133 1793 1⁵
153 1746 274 1804 mouerit
298 1746 453 1805 catholicae
473 1747 620 1807 ecclesiae.
640 1747 776 1804 Aelianus
794 1749 947 1818 proconsul
965 1746 1048 1803 dixit:
1072 1746 1108 1804 ad
1127 1746 1278 1803 Numidiae

153 1833 252 1892 fuisti?
276 1834 439 1907 respondit:
463 1850 531 1904 non,
558 1833 680 1894 domine.
703 1833 751 1903 sit,
771 1833 819 1906 qui
837 1834 948 1906 probet.
972 1833 1108 1890 Aelianus
1125 1831 1278 1905 proconsul

155 1921 239 1980 dixit:
264 1922 369 1980 necin
392 1921 581 1980 Mauritania?
605 1920 764 1994 respondit:
787 1921 927 1996 negotiari
949 1921 998 1979 illo
1021 1920 1072 1979 fui.
1095 1918 1277 1992 Apronianus

154 2009 238 2068 dixit:
269 2013 298 2068 et
323 2009 353 2068 in
381 2010 435 2068 hoc
461 2009 606 2080 mentitur,
635 2009 747 2068 domine
770 2041 812 2051 -
834 2027 900 2067 nam
924 2010 960 2066 ad
982 2007 1169 2066 Mauritaniae
1192 2006 1277 2065 situm

153 2115 212 2157 non
234 2098 291 2157 nisi
313 2116 366 2171 per
382 2098 533 2158 Numidiae
555 2097 683 2171 pergitur
703 2129 739 2138 -
761 2098 901 2170 quatenus
924 2096 994 2155 dicit
1011 2114 1041 2154 se
1058 2096 1089 2154 in
1106 2094 1279 2154 Mauritania

109 2196 134 2234 ²⁰
154 2186 252 2257 fuisse,
276 2205 333 2246 non
355 2187 443 2246 fuisse
466 2186 495 2244 in
518 2186 661 2244 Numidia.
698 2185 835 2244 Aelianus
856 2185 1010 2260 proconsul
1035 2183 1169 2257 Ingentic
1193 2183 1276 2244 dixit:

156 2275 236 2334 cuius
255 2275 430 2334 condicionis
450 2278 499 2334 es?
520 2275 671 2349 Ingentius
690 2274 850 2348 respondit:
874 2273 987 2333 decurio
1006 2291 1068 2332 snm
1085 2271 1277 2346 Ziquensium.

155 2364 293 2422 Aelianus
315 2363 467 2437 proconsul
491 2364 527 2421 ad
547 2363 669 2423 officinm
689 2362 772 2421 dixit:
797 2363 931 2421 submitte
948 2362 1038 2439 illum.
1063 2378 1117 2434 quc
1136 2359 1278 2419 submisso

155 2451 293 2510 Aelianus
311 2453 465 2525 proconsul
479 2451 644 2533 *Caeciliano
665 2451 748 2509 dixit:
767 2451 841 2510 falsa
860 2451 939 2522 dieis,
960 2468 1032 2524 quae
1051 2449 1156 2508 dixisti.
1181 2447 1278 2506 Caeci·
1385 2442 1388 2449 ’

156 2539 249 2598 lienus
282 2541 442 2614 respondit:
476 2557 543 2612 non,
578 2539 700 2599 demine.
736 2539 762 2597 is
795 2539 843 2613 qui
875 2538 990 2612 scripsit
1021 2537 1179 2612 epistolam,
1211 2536 1278 2594 iube

112 2634 137 2674 2⁵
156 2628 263 2698 ueniat,
288 2628 394 2686 amicus
417 2629 507 2701 ipsius
532 2632 584 2701 est,
607 2629 669 2702 ipse
697 2627 781 2698 dicet,
810 2644 957 2702 quousque
985 2626 1090 2685 dictaui
1118 2624 1277 2699 epistolam.

160 2715 292 2773 Aelianus
324 2717 478 2788 proconsul
510 2717 593 2774 dixit:
627 2716 689 2790 quis
722 2720 766 2775 est
792 2715 850 2788 ille,
879 2733 962 2789 quem
989 2715 1086 2774 uenire
1115 2714 1277 2773 desideras?

157 2803 335 2862 Caecilianus
364 2803 447 2860 dixit:
478 2804 661 2876 Augentium,
690 2820 753 2860 curu
782 2821 835 2876 que
863 2804 904 2861 fui
931 2803 1040 2862 aedilis.
1077 2819 1135 2860 non
1161 2816 1276 2873 possum

156 2893 278 2966 probare
305 2889 361 2948 nisi
388 2907 439 2964 per
465 2889 558 2963 ipsum
580 2889 764 2963 Augentium,
793 2892 841 2963 qui
868 2891 984 2965 scripsit
1010 2889 1172 2964 epistolam3
1205 2903 1332 2959 quo-rea

156 2998 247 3053 usque
276 2977 382 3037 dictaui
408 2977 461 3047 illi,
491 2977 554 3050 ipse
587 2977 679 3034 dicere
710 2979 813 3049 potest.
849 2980 986 3038 Aelianus
1012 2976 1164 3053 proconsul
1192 2973 1276 3032 dixit:

112 3076 138 3116 ³⁰
158 3070 271 3127 constat
294 3083 360 3141 ergo
383 3066 486 3124 falsam
505 3082 567 3124 esse
586 3064 751 3138 epistolam?
776 3063 951 3125 Caecilianus
970 3063 1129 3140 respondit:
1154 3065 1275 3132 constat,

158 3158 280 3228 domine,
304 3173 361 3215 non
384 3153 505 3213 mentior
527 3153 557 3211 in
580 3151 718 3226 sanguine
741 3169 812 3211 meo.
849 3154 985 3213 Aelianus
1011 3152 1165 3227 proconsul
1192 3150 1275 3210 dixit:

158 3264 221 3304 cum
250 3244 427 3304 duouiratum
456 3241 547 3316 egeris
574 3242 603 3300 in
630 3241 723 3315 patria
750 3243 808 3311 tua,
841 3245 954 3314 oportet
983 3242 1066 3300 fidem
1098 3238 1193 3300 uerbis
1219 3240 1277 3304 tuis

157 3335 272 3393 hebere.
295 3332 478 3406 Apronianus
501 3330 583 3389 dixit:
608 3347 661 3388 nec
683 3347 787 3388 nouum
811 3329 933 3388 catillis
954 3330 1010 3389 hoc
1032 3330 1134 3387 iacere.
1153 3329 1275 3386 ceterum

160 3422 281 3480 stactis
304 3421 484 3491 addiderunt,
505 3420 581 3494 quod
603 3419 767 3478 uoluerunt:
790 3417 847 3475 iam
870 3417 1020 3476 artificium
1044 3418 1087 3475 est
1107 3415 1174 3474 illis.
1197 3417 1276 3475 Aeli·

195 3624 210 3677 3
228 3623 465 3692 Aelianus-hosp.
487 3622 540 3675 mei
561 3622 702 3689 supposito
725 3636 792 3674 ceos.
810 3619 841 3673 D
853 3637 883 3687 p.
904 3620 981 3673 1611.
1001 3619 1044 3682 34,
1072 3618 1141 3688 ΠΡ.
1165 3620 1198 3673 35
1222 3636 1274 3689 sq:

158 3696 211 3749 Aac
228 3694 382 3760 maumonii
403 3693 430 3748 U
445 3693 758 3762 Ingentius-aptaretur
777 3694 812 3760 (p.
832 3691 892 3752 202,
907 3691 986 3757 2-6)
1049 3692 1067 3743 4
1085 3707 1163 3745 causa
1181 3690 1230 3758 cfr.
1244 3706 1274 3758 p.

160 3765 220 3826 201,
233 3764 268 3816 20
302 3764 405 3833 edixit]
417 3780 476 3817 mco
485 3765 559 3817 linea
567 3767 659 3828 uacat,
673 3769 729 3817 tum
742 3763 863 3831 sequitur
872 3762 1001 3816 Maximus
1013 3761 1144 3826 0(Ccnst.
1161 3761 1225 3815 add.
1237 3761 1274 3824 B)

160 3838 176 3890 0
196 3833 331 3889 (laesuro
369 3836 385 3886 9
404 3851 462 3887 cum
480 3849 530 3888 om.
549 3833 608 3888 edd.
674 3833 716 3887 dei
736 3833 872 3903 cultorem]
892 3833 1059 3887 decurionem
1077 3834 1104 3887 B
1121 3831 1277 3886 Barcrec'om

159 3911 276 3971 secutus:
295 3921 325 3957 ac
348 3904 487 3958 delendum
503 3904 613 3958 aidctrcr
629 3905 655 3963 ei
672 3921 729 3958 cum
752 3909 843 3958 teneas
914 3904 945 3957 11
969 3902 1274 3973 Ingentius-torrnento

156 3982 253 4048 postea
278 3976 381 4028 inemo
408 3991 475 4029 cens.
503 3974 530 4029 U
546 3992 575 4044 p.
594 3975 627 4028 37
690 3975 723 4029 12
742 3975 866 4044 apronius
886 3975 937 4040 (eto
953 3975 1110 4043 campano
1177 3972 1274 4039 Apron.

162 4046 292 4102 dixit-in
310 4045 435 4099 Numidia
454 4051 489 4116 (a.
508 4046 553 4113 20)
569 4046 619 4101 del.
639 4045 666 4099 U
675 4064 706 4114 p.
721 4045 753 4098 37
818 4046 850 4099 13
869 4047 931 4115 qua]
951 4045 1053 4114 quiaO
1107 4044 1138 4098 19
1157 4039 1276 4095 numidia

162 4113 359 4242 aspetrgitpprC'
442 4117 477 4170 24
498 4115 656 4187 epistolaO
729 4116 1072 4185 aestuamusque
1158 4113 1191 4165 32
1210 4111 1275 4165 duo·

163 4205 250 4242 urrau
