3044 4656
610 343 821 399 Praefatio.
1175 358 1279 424 XXXI

154 528 242 592 libris
280 529 416 611 capitula
450 534 576 600 maioris
613 537 750 603 ambitus
786 540 919 604 inueniri
950 541 1054 626 (uelut
1082 547 1123 625 ΙΙ,
1157 551 1186 614 1.
1219 553 1276 626 253

154 632 211 710 ΙΙΙ,
235 635 265 699 3.
289 637 323 710 43
346 635 400 715 IV,
425 640 455 703 5.
479 642 513 715 6;
537 640 576 717 V,
598 642 627 706 1.
647 644 678 706 5.
699 643 732 718 73
756 643 810 720 VI,
836 644 877 729 1),
901 647 1069 727 mordicus,
1092 654 1129 715 ut
1151 653 1275 733 dicitur,

16 760 28 811 j
91 789 94 794 .
153 739 259 801 teneas
290 740 397 819 uelim,
430 762 509 825 quae
542 745 585 810 sit
615 746 687 810 libri
718 749 869 831 postremi
900 750 1022 817 indoles
1044 757 1154 838 utpote
1176 778 1276 840 neque

17 895 20 901 .
153 842 290 908 absoluti
310 864 409 928 neque
431 850 588 932 perpoliti.
617 852 747 927 accedit,
771 854 855 936 quod
876 855 955 921 locis
977 857 1042 923 illis
1064 880 1158 946 quam
1180 864 1277 929 diser·

153 946 274 1012 tissime
295 951 481 1032 patrocinari
504 955 631 1020 uidetur
645 957 758 1022 Titiani
777 961 1012 1043 ceterorumque
1031 965 1172 1031 codicum
1193 988 1274 1033 com-

151 1052 280 1133 paratio,
318 1056 401 1136 qnod
437 1057 711 1142 interpolationum
754 1063 867 1128 attinet
903 1066 1018 1130 sedem.
1061 1070 1208 1153 leguntur
1241 1074 1273 1138 in

151 1157 269 1224 Tiliano
302 1159 346 1245 (p.
371 1163 445 1240 159,
472 1162 539 1250 16):
572 1166 653 1232 bono
685 1169 770 1250 pacis
802 1171 950 1234 uuttuteur
981 1171 1080 1251 fucere
1110 1176 1276 1241 debuerant

150 1263 244 1328 etiam
267 1268 300 1330 et
320 1266 382 1350 ipsi
404 1305 447 1316 -
470 1290 659 1354 quamquam
686 1276 719 1338 et
745 1275 774 1340 si
799 1275 925 1341 illorum
951 1279 1056 1342 ouras
1081 1279 1166 1359 beret
1193 1283 1273 1347 etsi

149 1369 187 1433 ad
215 1372 380 1437 ecclesiam
403 1395 428 1438 e.
443 1397 471 1456 q.
485 1397 511 1442 s,
540 1376 583 1463 (p.
619 1381 690 1458 163,
724 1383 793 1465 26);
826 1381 857 1445 in
884 1383 1012 1464 reliquis
1038 1388 1274 1470 manuscriptis:

148 1475 228 1539 bono
256 1477 343 1558 pacis
370 1480 518 1544 uebatur
537 1483 643 1565 fucere
672 1487 791 1568 (uultus
812 1487 897 1568 ficret
917 1488 1031 1570 aaa)
1056 1491 1219 1556 debuerant
1241 1496 1275 1557 et

149 1580 176 1643 si
191 1583 231 1664 (e.
248 1599 274 1644 s.
288 1602 347 1646 ora.
361 1582 432 1668 OG)
447 1585 486 1648 ad
501 1589 665 1652 ecclesiam
683 1612 707 1655 e.
730 1613 759 1671 q.
781 1613 807 1656 s.
830 1595 971 1675 potuisse
985 1595 1168 1661 intercidere
1181 1599 1212 1661 in
1226 1617 1273 1662 re·

148 1683 254 1765 liquis,
278 1706 357 1768 qnae
380 1688 520 1754 Titianus
552 1691 656 1767 habet,
689 1695 894 1760 similitudine
926 1700 1093 1762 uerborum
1123 1702 1272 1764 uuitotcru

140 1789 242 1871 ‘fecere
265 1793 297 1854 et
317 1793 424 1856 uur'tes
445 1793 531 1874 beret
551 1795 583 1859 in
607 1797 715 1862 oculos
738 1799 893 1864 incurrere
922 1802 1062 1878 arbitror,
1089 1804 1271 1884 praesertim

148 1914 220 1958 cnm
242 1895 275 1959 in
297 1897 397 1961 tribus
421 1899 642 1980 manuscriptis
665 1903 770 1964 uultus
791 1902 886 1981 steret,
911 1904 994 1983 quod
1016 1905 1111 1969 habat
1132 1905 1269 1969 Tilianus

146 2019 201 2083 pro
226 2000 393 2066 Oolbertini
420 2005 451 2067 et
474 2003 692 2069 Germanensis
721 2006 810 2072 codd.
837 2007 971 2072 lectione
994 2010 1141 2072 uutteteur
1155 2007 1269 2092 secere,

136 2125 255 2187 reapse
286 2108 418 2191 legatur.
451 2112 615 2191 utramque
647 2110 744 2193 igitur
774 2112 942 2176 lectionem
974 2113 1113 2178 Titianus
1148 2115 1179 2178 in
1212 2114 1272 2178 hoe

146 2212 215 2287 loco
238 2211 342 2280 habet.
371 2217 509 2279 ceterum
536 2215 661 2280 silentio
688 2234 749 2280 non
775 2218 1036 2297 praetereundum
1066 2221 1115 2282 est
1136 2219 1167 2282 in
1190 2238 1269 2282 mar-

147 2317 218 2400 gine
228 2318 600 2394 fol.LVIH,ladnotasse
609 2320 1154 2385 rubricamanumrecentissimamin
1165 2323 1270 2387 codd

148 2421 301 2496 1111111112,
325 2443 403 2505 qnae
431 2443 490 2488 uox
515 2425 553 2488 ad
575 2424 719 2488 lacunam
741 2424 772 2487 in
798 2423 826 2488 G
849 2424 1048 2488 statuendam
1070 2427 1154 2490 haud
1176 2427 1270 2490 dubie

149 2530 280 2609 spectat.
305 2528 412 2592 eadem
439 2529 502 2594 fere
528 2529 607 2592 ratio
636 2533 685 2593 est
707 2528 836 2592 alterius
859 2529 922 2593 loci
944 2526 987 2613 (p.
1013 2530 1086 2606 165,
1111 2531 1267 2608 2-167,

149 2630 214 2717 33).
247 2633 279 2696 in
302 2633 421 2698 'liliano
453 2634 583 2718 legitur:
616 2633 814 2715 delinquatur
845 2652 916 2698 cnm
950 2637 982 2697 et
1012 2635 1195 2714 temporibus
1225 2672 1269 2682 -

149 2757 210 2802 non
233 2739 391 2804 uoluntas.
416 2738 599 2819 temporrbus
620 2739 750 2801 uuttotr's
777 2757 804 2803 1.
825 2757 853 2818 q.
873 2757 913 2814 s.;
941 2739 973 2802 in
999 2739 1149 2821 reliquis:
1173 2739 1269 2804 delin-

150 2846 263 2924 qnatm·
293 2843 474 2923 temporebus
503 2844 643 2913 uuttultc.
676 2862 773 2905 unum
804 2842 948 2925 idemque
978 2843 1058 2908 illud
1089 2845 1272 2924 temporibus

149 2949 277 3012 lacunae
296 2967 401 3012 ansam
419 2947 599 3031 praebuisse
618 2946 787 3010 uerisimile
802 2950 860 3011 111.
874 2951 1033 3030 praeterea
1045 2950 1267 3014 sententiarum

151 3053 223 3118 ordo
243 3058 275 3118 11
291 3054 323 3117 in
342 3053 401 3118 hoc
420 3054 515 3118 altero
536 3052 744 3116 additamento
766 3052 838 3116 libri
862 3053 988 3135 septimi
1010 3056 1148 3118 tenorem
1171 3072 1269 3135 acque

9 3200 24 3255 q
150 3159 269 3222 redolet
278 3158 314 3224 ac
322 3159 434 3241 prioris
450 3156 666 3235 additamenti,
678 3155 746 3221 dieo
761 3157 947 3222 traditorum
966 3158 1205 3234 excusationem,
1216 3159 1270 3238 qni

150 3264 347 3343 necessitate,
363 3283 423 3329 non
437 3263 601 3328 uoluntate
615 3262 822 3344 peccauerint.
847 3263 879 3326 11
893 3245 953 3326 duo
968 3261 1044 3326 haec
1059 3261 1272 3325 additamenta.

151 3388 243 3448 qnam
271 3369 426 3434 artissime
454 3367 615 3433 sententiis
642 3387 739 3431 nnnm
767 3367 856 3450 quasi
882 3367 1013 3431 alterum
1041 3367 1177 3448 excipere
1209 3366 1270 3429 lor-

151 3477 236 3537 tasse
264 3474 426 3539 offensioni
454 3493 522 3538 esse
549 3474 663 3556 potest,
690 3473 871 3555 praesertim
895 3491 965 3537 cum
988 3472 1019 3536 in
1042 3463 1176 3535 secundo
1198 3471 1270 3534 loco

153 3582 186 3642 11
215 3579 458 3644 ratiocinationis
486 3583 518 3642 et
545 3578 754 3662 exemplorum
777 3597 890 3662 genera
912 3594 1142 3658 nonnumquam
1164 3575 1270 3639 minus

152 3684 269 3768 grauia,
305 3703 343 3748 na
379 3684 480 3749 dicam
516 3682 619 3746 inania
649 3685 681 3748 et
710 3682 815 3747 futilia
845 3683 1012 3748 uideantur
1043 3679 1111 3764 (cfr.
1139 3703 1169 3762 p.
1195 3682 1269 3777 166,

154 3791 194 3853 25
219 3791 289 3872 sq).
314 3793 387 3855 sunt
405 3791 487 3856 enim
506 3789 613 3854 eadem
629 3789 693 3854 fere
711 3791 743 3853 in
760 3791 892 3869 utroque
910 3787 979 3851 loeo
999 3787 1137 3869 exempla
1155 3785 1272 3849 biblica

152 3895 292 3980 (Moyses
313 3896 394 3979 legis
416 3897 539 3960 tabulas
562 3894 715 3978 frangens,
738 3913 809 3960 arca
831 3891 1012 3956 testamenti
1035 3892 1073 3956 ab
1094 3889 1270 3955 Isralrelitis

152 4000 275 4078 tradita,
298 4000 379 4084 legis
401 4001 471 4064 libri
495 4020 513 4064 a
534 4000 669 4064 Ioaclrim
695 4018 769 4082 rega
796 3997 939 4078 incensi),
967 3996 1074 4061 eadem
1096 3996 1160 4060 fere
1182 4012 1266 4075 repe·
1351 4075 1352 4081 ἵ

154 4105 230 4169 titur
252 4104 460 4170 conclusionis
482 4104 560 4169 ratio
583 4102 651 4189 (cfr.
671 4106 744 4182 163,
764 4106 907 4179 20-2a;
933 4105 1006 4180 167,
1026 4103 1065 4165 31
1086 4098 1147 4186 sq.)
1169 4116 1270 4178 neque

154 4213 256 4275 tamen
284 4210 398 4278 desunt
424 4229 530 4275 seeum
557 4210 726 4294 pugnantia
754 4210 843 4273 uelut
867 4228 898 4289 p.
924 4205 1269 4284 neutralitas.
