3044 4656
274 294 316 394 64
604 327 629 381 S.
659 327 796 397 Optati
821 327 1048 382 Mileuitani

263 514 410 610 ,homines
432 521 504 602 plus
526 519 602 582 mali
623 519 733 583 mereri
753 522 887 601 possunt
908 539 1001 602 quam
1024 520 1108 598 boni,
1133 521 1281 603 quicquid
1307 521 1384 584 iudi-

269 626 351 690 cium
372 625 422 689 dei
440 628 494 690 aut
509 624 630 708 peccati
646 624 794 688 meritum
812 624 929 703 fecerit,
949 626 1060 690 amaris
1080 627 1195 691 uestris
1214 627 1383 691 maledicti-

271 730 572 831 onibus'uindicatis,
591 729 701 794 merito
720 730 792 811 quia
810 731 847 795 de
865 732 956 796 uobis
978 730 1095 795 dictum
1116 735 1181 796 est:
1202 751 1240 797 os
1261 751 1383 796 eorum

269 836 531 900 maledictione
568 839 604 899 et
639 835 884 900 amaritudine
915 839 1065 920 plenum
1098 840 1164 903 est.
1197 837 1382 921 gloriamini,

270 940 352 1023 qnod
364 942 454 1007 uobis
467 925 725 1005 maledicentibus
744 942 839 1022 aliqui
851 943 992 1007 homines
1007 942 1087 1007 mori
1103 946 1280 1025 potuerunt.
1301 945 1383 1006 certe
1412 965 1425 1005 5

269 1065 329 1111 non
350 1047 426 1111 licet
447 1045 595 1110 occidere.
620 1063 656 1108 an
678 1045 748 1110 ideo
770 1065 828 1110 uos
851 1046 970 1128 putatis
993 1047 1184 1124 innocentes,
1209 1047 1281 1128 quia
1302 1047 1382 1110 ferro

269 1152 318 1214 usi
340 1171 400 1216 non
424 1150 524 1216 estis?
546 1151 741 1215 innocentem
764 1170 797 1214 se
817 1163 848 1214 et
864 1151 1050 1216 uenenarius
1073 1151 1200 1228 iudicet,
1220 1152 1247 1214 si
1264 1152 1295 1213 in
1315 1153 1381 1215 solo

267 1256 347 1319 ferro
369 1259 418 1325 est
438 1256 650 1320 homicidium.
669 1276 729 1321 non
749 1258 808 1322 sibi
825 1258 970 1322 uideatur
986 1277 1068 1334 reus,
1088 1258 1142 1338 qui
1161 1259 1291 1321 altemm
1310 1257 1381 1320 sub·

268 1360 361 1425 ducto
385 1361 453 1425 cibo
476 1362 643 1440 monuerit,
660 1362 857 1427 innocentem
880 1382 913 1427 se
938 1363 1065 1441 iudicet,
1086 1363 1139 1444 qui
1162 1361 1297 1444 spirandi
1314 1379 1381 1442 pro-

267 1466 365 1530 hibita
381 1466 529 1530 facultate
548 1466 745 1531 suffocauerit
762 1467 868 1531 uiuere
887 1468 1073 1550 cupientem.
1089 1467 1173 1531 necis
1191 1467 1292 1529 multa
1309 1467 1383 1528 sunt
1401 1488 1426 1527 10

268 1558 399 1654 genera,
413 1571 468 1636 sed
490 1592 587 1636 unum
605 1593 717 1638 nomen
736 1577 784 1638 est
800 1575 921 1638 mortis.
939 1575 1209 1639 maledictionibus
1228 1574 1291 1638 tuis
1311 1592 1382 1637 oum

241 1749 253 1761 „
266 1677 380 1740 fiducia
401 1678 558 1743 hominem
579 1681 737 1743 mortuum
754 1680 948 1762 protestaris,
969 1680 1042 1762 quid
1061 1680 1201 1757 interest,
1220 1699 1258 1743 an
1278 1678 1381 1762 gladio

234 1783 357 1846 ·ierias
384 1802 422 1846 an
448 1783 557 1867 lingua
581 1785 762 1867 percutias?
787 1784 999 1850 indubitanter
1024 1785 1181 1850 homicida
1210 1805 1253 1863 es,
1278 1785 1382 1866 siper

266 1891 298 1952 te
324 1893 465 1954 mortuus
491 1890 593 1969 inerit,
622 1891 676 1972 qui
700 1886 842 1954 uiuebat.
871 1891 1012 1973 quisquis
1038 1891 1112 1954 talis
1140 1911 1176 1955 ex
1201 1891 1292 1955 uobis
1322 1893 1380 1967 est,

266 1987 380 2062 frustra
402 2016 434 2061 se
458 1996 659 2061 christianum
682 1998 737 2060 ant
759 1997 950 2069 sacerdotem
974 1996 1023 2059 dei
1040 1996 1213 2078 profitetur,
1234 1997 1286 2077 qui
1304 1996 1380 2060 leni·
1399 2015 1423 2054 15

265 2105 363 2167 tatem
385 2102 435 2166 dei
456 2122 517 2168 non
540 2105 628 2168 curat
648 2104 772 2180 imitari,
797 2122 868 2167 cum
892 2105 1041 2185 scriptum
1064 2103 1105 2166 sit
1124 2099 1165 2187 [in
1185 2099 1378 2185 Salomonelz

267 2208 358 2272 deus
393 2210 545 2272 mortem
581 2227 649 2271 non
685 2207 777 2270 fecit
807 2226 873 2270 nec
904 2209 1067 2271 laetatur
1097 2206 1132 2268 in
1169 2204 1378 2289 perditione

266 2313 447 2376 uiuorum.
471 2311 560 2375 credo
583 2330 641 2394 uos
660 2309 805 2373 obliuisci
824 2328 883 2372 non
901 2328 1003 2391 posse,
1024 2310 1099 2390 quid
1116 2329 1171 2390 per
1187 2311 1257 2374 loca
1274 2308 1379 2388 aliqua

264 2417 411 2492 feceritis,
426 2434 497 2479 oum
515 2434 578 2489 eos,
595 2415 647 2493 qui
664 2415 767 2494 legem
785 2413 835 2475 dei
853 2415 1079 2495 praedicabant,
1094 2414 1127 2476 id
1147 2417 1195 2477 est
1211 2413 1377 2495 prophetas

264 2519 388 2584 uelletis
416 2518 554 2584 occidere
581 2519 686 2580 contra
711 2516 883 2580 iussionem
911 2517 960 2581 dei
982 2517 1132 2581 dicentis:
1166 2522 1202 2583 et
1232 2519 1268 2582 in
1300 2537 1377 2600 pro·
1398 2538 1424 2576 ao

264 2625 395 2707 phetas
418 2640 517 2686 meos
539 2640 681 2684 manum
704 2640 746 2685 ne
764 2620 955 2688 miseritis.
973 2623 1167 2702 Deuterium,
1186 2625 1376 2701 Partenium,

264 2731 420 2795 Donatum
438 2729 470 2792 et
483 2725 670 2802 Getulicum
686 2726 736 2791 dei
750 2726 921 2810 episcopos,
936 2729 1061 2812 linguae
1076 2729 1180 2813 gladio
1194 2730 1374 2814 iugulastis.

350 2917 427 2971 ens.
448 2917 489 2984 re,
509 2916 524 2969 3
580 2917 610 2969 17
631 2916 690 2986 Sap.
712 2917 734 2979 1,
755 2916 787 2970 13
836 2916 871 2970 ao
887 2917 930 2971 es.
952 2916 1062 2982 104,15

299 3044 312 3097 1
331 3043 442 3112 possunt
459 3043 552 3095 mereri
570 3041 624 3095 PG
698 3042 714 3093 2
732 3045 867 3110 peccatum
885 3042 1008 3095 meritum
1027 3044 1094 3108 (turn
1114 3043 1228 3096 alterum
1245 3060 1278 3095 ea.
1298 3046 1327 3107 2)
1347 3043 1374 3095 Β

264 3131 358 3184 ameris
382 3131 404 3199 (s
427 3131 513 3184 cdecr.
536 3147 569 3184 m.
592 3133 621 3198 2)
644 3130 676 3194 G,
696 3146 785 3183 amans
803 3129 845 3183 Ro
869 3131 980 3194 (animas
999 3130 1066 3184 coni.
1088 3130 1187 3200 Cochl.)
1276 3131 1291 3183 3
1311 3132 1374 3200 quia

263 3234 313 3271 om.
334 3217 380 3272 Gd
449 3222 490 3272 est
506 3218 534 3271 in
552 3219 652 3289 psalmo
674 3218 856 3271 terciodecimo
879 3218 904 3272 G
991 3219 1007 3272 5
1025 3218 1101 3272 uobis
1121 3223 1143 3287 (s
1163 3219 1226 3272 cdd.
1245 3235 1278 3271 m,
1298 3220 1327 3286 2)
1349 3218 1374 3272 G

264 3324 280 3375 7
306 3325 459 3382 uenesarius
487 3327 515 3392 (n
542 3322 655 3391 ausum)
682 3321 718 3388 R,
744 3293 865 3376 uenimus
892 3324 919 3377 B
1007 3325 1039 3377 10
1056 3325 1138 3394 necis]
1165 3342 1212 3378 nec
1229 3325 1252 3377 is
1271 3324 1306 3388 B,
1324 3343 1373 3380 nec

261 3410 304 3464 his
320 3429 337 3466 o
355 3415 431 3480 (corr.
453 3411 551 3480 Ooclrl.)
608 3411 640 3463 12
657 3410 798 3481 hominem]
818 3411 1068 3466 11111118-91111.
1086 3413 1191 3465 iudicat
1208 3414 1373 3468 interemisse

261 3501 397 3553 conualle
418 3505 443 3553 et
458 3500 580 3567 profecto
607 3497 702 3551 decucat
723 3498 753 3551 ire
774 3499 802 3553 Β
822 3501 954 3552 mortuum
976 3520 1010 3539 -·
1032 3499 1118 3561 feriae,
1142 3516 1156 3553 c
1176 3501 1233 3554 olem
1255 3518 1304 3555 om.
1329 3503 1372 3555 Bo

262 3586 338 3640 nullo
357 3583 472 3641 lace'cnce
490 3586 591 3640 iudicio
679 3586 712 3639 13
731 3603 762 3639 an
780 3586 883 3655 lingua]
901 3603 988 3657 angna
1007 3587 1104 3654 (adeor.
1122 3587 1140 3640 i.
1159 3605 1207 3657 119.
1225 3607 1259 3644 m.
1277 3592 1302 3656 1)
1320 3590 1369 3651 Ro,

264 3672 364 3752 (Oeclei.
382 3690 481 3729 correo.
499 3675 612 3744 lingna),
630 3691 712 3744 ergna
729 3675 756 3727 B
824 3674 966 3729 homicidia
986 3675 1012 3730 G
1073 3677 1106 3729 14
1123 3680 1241 3730 mortuus
1260 3680 1300 3730 est
1317 3677 1371 3730 PG

263 3762 458 3817 exnobisRB
528 3762 561 3816 15
579 3778 606 3816 se
625 3762 717 3816 autG
787 3762 830 3816 dei
849 3765 883 3830 (s.
903 3763 921 3826 l.
938 3779 972 3816 m.
990 3766 1018 3830 1)
1037 3763 1064 3816 B
1140 3764 1368 3819 1611111111-

263 3851 328 3905 deus
345 3866 395 3905 om.
412 3850 467 3905 ΒΒ
523 3850 566 3905 dei
586 3851 704 3922 ignorat:
724 3849 853 3916 Quoniam
876 3851 939 3928 dens
963 3852 1077 3920 (omissis
1095 3851 1195 3922 1111111)
1212 3870 1236 3918 o,
1255 3852 1299 3906 dei
1315 3869 1367 3905 non

263 3941 337 3999 curat
354 3955 413 3993 cum
430 3939 573 4010 scriptum.
589 3939 625 3992 .b
678 3939 706 3993 in
725 3938 863 3993 Salomone
876 3955 927 3992 om.
942 3937 984 3994 Po
1003 3940 1154 4008 (1111111111)
1192 3940 1224 3993 17
1242 3939 1367 4008 laetatur]

262 4025 393 4081 laceratur
410 4025 437 4077 B
505 4026 533 4079 in
551 4024 766 4095 perditionem-B
819 4025 852 4079 19
869 4029 955 4080 utens
971 4025 1003 4090 G,
1019 4042 1076 4079 cnm
1091 4027 1275 4080 eos-nelletis
1289 4043 1367 4082 omo

240 4112 444 4183 .predicantG
526 4113 560 4168 20
578 4113 678 4167 nellitis
694 4113 729 4176 P,
746 4113 881 4168 uelitisG
942 4115 1085 4169 2111111111
1106 4113 1365 4183 Go(cfr.p.60‚3)

228 4185 428 4255 ³“oeutherium
445 4201 499 4258 Po
567 4200 779 4272 partheniumG
831 4201 864 4254 22
883 4201 1009 4256 donatum
1026 4219 1076 4257 om.
1097 4203 1123 4257 G

445 4336 448 4343 ¹
551 4362 558 4397 1
