3044 4656
487 254 492 263 ·
523 287 638 342 Liber
663 289 803 349 sextus,
831 303 853 341 o.
880 287 906 339 4.
1105 357 1110 366 .
1196 289 1255 351 151

147 487 218 548 rant
239 482 401 545 uoluntate
424 483 456 544 et
476 481 667 564 professione
690 498 760 556 sua3
788 481 820 544 et
845 481 883 543 ut
909 478 1119 544 saecularibus
1142 477 1260 559 nuptiis

149 608 182 654 se
201 587 394 660 renuntiasse
412 589 619 651 monstrarent
632 589 664 651 'et
675 586 796 650 iunctas
815 584 948 668 spiritali
965 602 1089 667 sponso,
1104 584 1262 647 soluerent

148 693 277 757 crinem:
291 692 353 756 iam
371 693 521 758 caelestes
540 692 768 757 celebrauerant
784 689 919 774 nuptias.
944 689 1018 771 quid
1036 692 1093 767 θεῖ,
1108 688 1191 771 quod
1209 706 1260 752 eas

148 798 372 863 itemmorines
387 799 507 862 soluere
523 797 690 881 coegistis?
705 796 790 880 quid,
804 796 941 878 inquam,
960 794 1042 877 quod
1060 796 1098 859 ab
1111 795 1189 877 ipsis
1207 813 1261 876 per

118 922 131 961 ε
148 923 205 969 uos
219 906 325 967 ereata
334 907 383 968 θεῖ
393 903 528 968 secunda
537 903 709 987 professio?
723 902 793 985 quis
804 904 853 967 est
861 901 940 966 alter
953 901 1100 985 spiritalis
1117 919 1259 984 sponsus,

148 1009 198 1073 oui
219 1009 331 1074 iterum
354 1010 526 1074 nuberent?
554 1010 676 1091 quando
704 1011 844 1075 mortuus
868 1010 925 1086 est,
953 1007 1005 1071 oui
1026 1009 1202 1090 nupserant,
1226 1009 1262 1069 ut

145 1115 258 1180 iterum
281 1117 420 1185 nubant?
452 1116 595 1181 nudastis
618 1116 719 1181 denuo
742 1115 844 1198 capita
865 1114 927 1178 iam
950 1112 1063 1191 uelata,
1088 1113 1125 1178 de
1148 1112 1260 1196 quibus

143 1220 345 1304 professionis
383 1222 559 1313 detraxistis
599 1222 723 1301 inditia,
765 1234 843 1305 quae
883 1222 990 1284 eontra
1027 1222 1165 1303 raptores
1207 1222 1261 1282 aut

142 1326 295 1408 petitores
313 1326 462 1392 uidentur
483 1328 621 1392 inuenta.
647 1328 679 1392 in
702 1328 823 1392 mitella
845 1324 993 1390 inditium
1012 1329 1061 1391 θεῖ
1078 1325 1260 1402 uoluntatis,

100 1447 126 1488 ¹⁰
142 1448 202 1496 non
234 1427 389 1497 eastitatis
421 1434 582 1499 auxilium:
614 1435 651 1496 ut
671 1448 737 1497 rem
767 1433 829 1494 iam
857 1431 914 1496 deo
942 1430 1087 1497 deuotam
1113 1450 1180 1508 neo,
1209 1430 1262 1512 qui

143 1539 322 1619 sponsabat,
353 1541 532 1626 perseueret
561 1542 666 1618 petere
698 1540 755 1601 aut
782 1554 821 1599 ne
851 1541 957 1619 raptor
988 1539 1100 1602 audeat
1133 1538 1260 1603 uiolare.

144 1641 270 1725 signum
302 1644 351 1705 θεῖ
382 1660 465 1723 ergo,
497 1660 558 1705 non
590 1644 828 1704 sacramentum.
855 1641 1019 1705 inuenietis
1045 1641 1142 1723 igitur
1168 1642 1261 1706 huius

143 1744 230 1808 modi
250 1744 399 1826 uirgines,
423 1762 499 1824 quae
521 1743 582 1805 iarn
607 1743 788 1823 spiritaliter
810 1747 987 1823 nupserant,
1011 1762 1087 1825 quas
1111 1745 1262 1807 secundas

145 1848 293 1931 coegistis
312 1849 352 1910 ad
369 1847 504 1929 nuptias,
524 1849 556 1911 et
573 1849 609 1909 ut
627 1848 726 1911 erineo
748 1847 863 1911 iterum
885 1846 1052 1922 soluerent,
1074 1847 1263 1928 imperastis.

103 1960 129 2009 1⁶
143 1953 204 2017 boo
221 1972 278 2018 nee
300 1952 446 2017 mulieres
468 1953 637 2034 patiuntur,
660 1970 739 2034 quae
763 1951 925 2015 carnaliter
945 1951 1076 2014 nubunt.
1096 1951 1262 2032 exquibus

145 2057 173 2123 si
195 2057 289 2122 alieui
306 2058 454 2123 maritum
472 2059 545 2140 post
561 2056 751 2121 matrimonii
769 2056 932 2120 orbitatem
950 2060 1070 2119 mutare
1088 2056 1262 2139 eontigerit,

144 2182 205 2228 non
228 2162 379 2246 repetitur
400 2161 580 2244 temporalis
602 2162 658 2226 illa
679 2162 847 2237 festiuitas,
871 2181 931 2226 non
954 2162 985 2226 in
1009 2163 1107 2226 altum
1130 2162 1261 2239 tollitur,

144 2290 205 2335 non
227 2269 336 2352 populi
358 2269 531 2351 frequentia
548 2271 739 2351 procuratur.
764 2268 940 2333 detraxistis
958 2268 1055 2351 igitur
1072 2287 1134 2333 non
1152 2268 1262 2350 eapitis

145 2379 332 2452 omamenta
357 2375 422 2453 sed,
446 2378 482 2438 ut
504 2393 598 2457 supra
621 2375 763 2453 diximus,
782 2375 920 2450 melioris
938 2375 1115 2454 ¹uoluntatis
1137 2374 1261 2440 indioia.

181 2609 271 2678 liam
297 2608 438 2661 uoluntate
460 2608 487 2661 Β
575 2625 605 2662 ex
632 2608 834 2677 professiones
923 2612 971 2672 tua
993 2611 1015 2680 (s
1038 2625 1058 2663 s.
1083 2610 1100 2664 1,
1123 2625 1158 2662 m.
1182 2612 1210 2675 2)
1234 2608 1261 2662 R
1305 2684 1309 2691 ι

146 2695 162 2747 2
180 2695 385 2758 monstraretR,
403 2699 548 2752 monstraro
562 2697 589 2750 Β
650 2700 678 2750 et
695 2697 813 2751 iunctam
833 2698 896 2764 (ate)
914 2698 950 2763 Β,
968 2699 987 2752 a'.
1005 2695 1261 2767 m9.adp.m.21t‚

145 2824 196 2862 om,
213 2804 302 2871 osvo,
318 2810 346 2860 et
359 2807 495 2863 iunctaed
547 2810 563 2862 3
582 2777 684 2893 eridred
700 2812 780 2874 (corr.
798 2828 832 2865 m.
851 2815 883 2878 2)
902 2811 929 2865 Β
1000 2812 1111 2879 crinem]
1128 2814 1227 2863 temere
1244 2826 1260 2863 o

146 2943 224 3005 (corr.
246 2937 335 2995 Ooebl.
355 2938 449 3006 crines)
536 2939 645 3009 nuptias
664 2937 758 2991 celebr.
780 2940 830 2994 OG
899 2944 917 2995 4
935 2942 957 2994 fr
977 2945 1009 2995 14
1028 2908 1137 3010 abgistis
1157 2944 1183 3006 (e
1201 2957 1222 2994 a.
1243 2943 1259 2995 l.

144 3045 177 3082 m.
196 3032 221 3096 1)
241 3027 269 3080 B
321 3025 484 3096 bprofessio
503 3025 618 3080 secunda
635 3024 667 3078 ab
737 3030 778 3093 θεῖ
791 3034 855 3095 post
868 3030 926 3097 quis
940 3029 1032 3083 aaa
1085 3030 1218 3081 testom.
1233 3028 1260 3081 B

146 3113 279 3168 l'nudatis
298 3112 348 3167 CG
382 3112 541 3174 9mitellam
555 3112 617 3177 (sia)
627 3110 662 3175 Β,
676 3107 842 3166 mitellamB
895 3118 936 3168 est
949 3114 1060 3169 omffl
1112 3115 1258 3169 uoluntatis

146 3203 174 3270 (n
190 3202 222 3255 aba
238 3200 350 3288 roolf)
436 3201 470 3254 10
488 3192 614 3254 auxilium
637 3202 677 3253 est
698 3198 747 3253 OG
834 3205 922 3267 utrum
944 3219 1000 3256 rem
1023 3201 1086 3270 (sib)
1104 3202 1139 3264 Β,
1164 3219 1213 3260 ona
1231 3205 1259 3260 Β

145 3334 198 3386 iam
217 3303 279 3400 ddm
299 3335 324 3399 (b
344 3350 365 3387 s.
384 3334 402 3388 1.
420 3349 454 3386 m.
475 3333 500 3399 1)
519 3331 547 3386 R
617 3330 740 3385 deuotam
758 3297 869 3400 anoequis
889 3341 930 3401 lea
947 3348 967 3388 a.
988 3336 1005 3387 l.
1025 3339 1050 3386 et
1064 3338 1256 3402 paorootoadel.

144 3417 178 3474 o'a.
197 3423 226 3488 2)
245 3420 273 3474 R
333 3422 365 3474 ut
383 3436 441 3473 oum
459 3419 511 3472 iarn
531 3417 592 3471 dum
611 3416 733 3471 deuotam
752 3433 785 3470 an
805 3417 897 3484 quise
916 3418 1017 3485 (Ooobl.
1036 3421 1132 3475 amieo.
1150 3424 1181 3475 ut
1199 3440 1255 3478 eam

145 3509 198 3561 iam
217 3507 421 3570 ‹lummeuotam
443 3523 476 3560 ne
496 3506 551 3576 qui)
637 3522 686 3559 neo
705 3505 763 3574 quis
781 3504 816 3569 Β,
835 3521 868 3558 ne
893 3506 972 3575 quib
1063 3507 1093 3561 11
1113 3512 1258 3580 sponsabat

144 3598 278 3665 repeteret
295 3599 343 3649 aut
363 3594 412 3649 OG
482 3593 582 3647 uiolare
600 3593 709 3647 auderet
729 3592 778 3646 σθ
837 3593 869 3645 12
887 3609 940 3646 non
959 3599 1149 3651 sacramentum
1167 3600 1255 3654 inuen.

144 3684 296 3752 igiturest.
318 3682 343 3736 G
430 3685 621 3736 sacramentum
643 3680 816 3750 uirginitatis.
839 3681 926 3750 Igitur
944 3681 1012 3736 coni.
1031 3681 1104 3752 Dap.
1194 3704 1255 3757 ergo

144 3770 297 3825 huiusmodi
318 3770 341 3823 0
426 3770 458 3824 13
482 3771 557 3840 quasi
579 3770 706 3827 secundas
729 3771 789 3839 (que
812 3772 835 3824 si
858 3787 908 3825 εθθ.
926 3773 963 3842 Β)
983 3773 1054 3835 libri,
1074 3789 1138 3843 qnae
1160 3776 1256 3843 sorapsa'

146 3857 288 3914 secundos
352 3858 429 3911 14111
447 3857 620 3928 nuptiasGG
690 3861 717 3911 θῖ
734 3875 783 3913 om.
796 3856 882 3915 RBob
963 3861 995 3916 16
1013 3863 1136 3916 maritum
1158 3863 1255 3915 marita

145 3975 226 4027 maria
246 3971 309 4045 (sio)
328 3971 364 4038 B,
381 3977 443 4042 post
457 3989 493 4026 m.
508 3972 648 4026 orbitatem
659 3988 717 4031 lora.
732 3971 819 4028 RBeb
910 3975 1024 4030 orbitate
1044 3976 1070 4030 G
1158 3975 1190 4029 17
1207 3974 1255 4028 illa

146 4061 300 4132 temporalis
322 4061 354 4114 ob
443 4063 475 4116 19
496 4059 686 4145 melioris-:OG
713 4063 776 4130 (afr.
803 4077 888 4130 stupro
909 4063 931 4118 I
951 4062 1009 4119 θον.
1036 4064 1060 4127 7,
1086 4067 1145 4130 38),
1170 4062 1254 4115 bonae

146 4150 292 4203 uoluntatis
310 4149 396 4203 RBob
798 4171 800 4175 ·
