3044 4656
449 319 564 375 Liber
588 320 756 387 quintus,
783 333 804 371 c.
833 317 943 371 10-11.
1190 319 1248 383 141

83 537 85 540 ·
139 508 248 573 ‘amice
273 509 396 573 -hoc
423 511 473 573 est
498 509 612 574 dicere:
640 519 774 594 agnosco
799 510 832 573 te
858 545 901 555 -
928 508 1092 591 aliquando
1118 511 1253 573 renunti-

140 631 248 676 aueras
276 612 398 678 diabolo
427 615 459 678 et
485 614 525 678 ad
550 634 601 679 mc
615 633 795 680 conuersus
822 613 924 678 fueras
957 616 988 678 et
1023 614 1165 680 dederam
1196 615 1254 679 tibi

102 793 103 797 Ἰ
141 719 260 791 uestem
285 719 470 802 nuptialem
498 720 632 803 utquid
654 720 699 785 sic
721 719 836 784 uenisti
857 738 918 784 non
941 707 1069 798 habens,
1091 720 1174 803 quod
1195 720 1253 785 tibi

140 821 236 888 dedit
260 824 318 888 hoc
342 827 391 889 est
405 824 528 904 dicere:
553 845 646 908 quare
663 845 723 890 non
741 826 847 900 habes,
866 824 949 907 quod
969 825 1028 890 tibi
1050 825 1140 890 dedi?
1163 845 1253 891 nemo

106 929 224 993 renim
263 931 369 1012 potest
403 930 495 996 irasci
532 942 594 997 non
630 930 755 997 habenti
788 950 864 1010 rem,
898 949 976 1012 quae
1008 931 1079 996 data
1108 951 1169 997 non
1202 932 1253 996 sit.

138 1036 259 1107 uestem
286 1036 457 1118 nuptialem
484 1037 565 1102 inter
589 1037 668 1104 istos
695 1055 857 1120 acceperas
885 1040 917 1101 et
943 1037 1029 1102 solus
1055 1056 1115 1102 non
1137 1036 1254 1103 habes?

138 1158 231 1222 quare
262 1142 363 1207 nudus
396 1145 428 1207 et
457 1144 600 1228 lugubris
632 1144 767 1210 uenisti?
800 1143 870 1226 quis
896 1142 955 1207 tibi
982 1143 1112 1208 detraxit
1134 1143 1254 1227 spolia?

137 1264 214 1327 quas
249 1247 461 1314 fraudulentas
497 1251 591 1316 adisti
625 1251 752 1318 fauces?
788 1269 867 1332 quos
902 1248 1060 1315 incurristi
1098 1248 1254 1315 latrones?

136 1354 289 1434 quotquot
324 1355 404 1419 tales
439 1357 564 1421 uenturi
599 1359 681 1435 sunt,
717 1359 823 1422 locum
857 1356 889 1419 in
924 1355 980 1421 illo
1016 1356 1162 1422 conuiuio
1193 1374 1254 1420 non

91 1470 116 1510 ¹0
133 1457 302 1525 habebunt.
498 1446 499 1450 ¹

180 1563 233 1625 11.
260 1563 302 1627 Et
332 1566 370 1627 ut
400 1566 454 1629 uel
484 1584 551 1630 sero
584 1566 788 1649 conpendium
819 1564 940 1646 faciam,
964 1569 1054 1634 credo
1078 1570 1172 1632 etiam
1195 1567 1254 1632 hoc

137 1665 294 1743 sufficere;
327 1667 388 1730 etsi
418 1671 468 1732 tot
484 1670 693 1751 'probationes
721 1669 851 1733 minime
879 1669 1066 1737 diceremus:
1088 1671 1180 1737 uobis
1204 1673 1254 1734 ab·

137 1769 278 1834 sentibus
310 1771 406 1835 uerbo
437 1775 528 1836 tenus
558 1773 707 1856 baptizati
738 1775 812 1837 sunt
837 1773 939 1838 mille:
963 1793 998 1838 cx
1020 1774 1069 1838 his
1093 1778 1175 1839 sorte
1198 1792 1256 1837 sua

137 1873 277 1939 defuncti
312 1878 387 1940 sunt
422 1878 556 1941 centnm.
593 1878 746 1943 abstinete
780 1877 940 1961 paulisper
974 1878 1012 1941 ab
1048 1879 1109 1943 hoc
1139 1879 1255 1942 scelere

92 2001 120 2040 15
137 1996 259 2044 manns.
284 1983 444 2058 sanctitas,
467 1983 505 2044 ut
526 1980 640 2060 dicitis,
662 1982 768 2046 uestra
793 1981 893 2064 primo
915 1981 1084 2046 resuscitet
1105 1981 1255 2064 sepultos,

137 2085 290 2164 emendet,
314 2087 342 2168 si
367 2089 482 2170 potest,
513 2089 653 2154 mortuos
682 2090 717 2152 'et
748 2087 793 2152 sic
824 2087 997 2151 reuertatur
1023 2087 1062 2151 ad
1087 2086 1191 2152 uiuos.
1228 2084 1256 2149 si

136 2193 278 2258 mortuos
306 2193 457 2258 suscitare
484 2212 544 2258 non
566 2194 708 2277 potestis,
741 2193 875 2276 utquid
897 2192 1078 2258 uiuentibus
1102 2191 1256 2257 conamini

135 2317 246 2367 manus
272 2298 395 2376 inferre,
423 2298 485 2364 nisi
510 2301 547 2364 nt
573 2301 763 2399 conpleatun
786 2299 869 2382 quod
894 2318 950 2381 per
970 2298 1165 2364 Ezechielem
1187 2316 1255 2379 pro-

134 2407 261 2489 phetam
293 2405 330 2470 de
361 2404 452 2470 uobis
482 2406 608 2470 locutus
640 2408 690 2470 est
720 2405 796 2472 deus
828 2405 947 2470 dicens:
975 2407 1016 2469 nt
1043 2403 1256 2470 occiderent

92 2520 119 2558 ²⁰
136 2511 286 2589 animas,
310 2529 399 2592 quas
422 2529 491 2575 non
515 2511 681 2595 oportuit
701 2511 803 2577 mori.

226 2699 260 2752 19
279 2699 325 2752 Ea.
344 2700 386 2764 13,
405 2700 438 2753 19

173 2822 187 2874 1
208 2836 322 2890 agnosce
334 2837 359 2885 o,
377 2837 504 2891 cognosce
517 2821 541 2885 d,
554 2837 684 2891 cognosco
695 2837 745 2876 scr.
762 2822 881 2879 Gasaub.
940 2841 999 2878 cum
1014 2821 1156 2892 aliquando
1167 2819 1255 2875 RBolr

137 2913 162 2963 ct
182 2907 300 2962 Oasmeb.
342 2906 408 2962 aut
427 2907 606 2976 qnid...non
623 2906 725 2961 habens
743 2925 768 2978 q.
779 2911 832 2964 tibi
850 2898 911 2966 dedi
922 2927 973 2965 om.
986 2910 1057 2965 RBo
1110 2908 1210 2963 uenisti
1226 2925 1254 2963 n.

138 2995 240 3049 habens
258 2997 361 3047 uestem
378 2992 527 3062 nuptialem
544 2993 596 3046 hoc
613 2993 656 3046 est
673 2992 759 3048 dicere
772 3035 779 3049 .
792 3036 819 3051 ..
838 2997 853 3050 b
907 2996 925 3051 5
942 2997 1043 3066 poterit
1062 2994 1088 3050 θ
1141 2994 1157 3048 6
1174 2994 1252 3064 istos]

136 3083 205 3137 filios
223 3083 251 3136 Β
303 3081 384 3136 8ncl
403 3079 514 3151 quasG
566 3081 731 3136 timothoe
749 3084 868 3155 exemplo
888 3084 915 3140 θ
976 3085 1009 3139 10
1027 3083 1175 3152 habebunt]
1192 3083 1252 3137 EX·

136 3170 255 3226 PLIOIT.
271 3170 379 3226 LIBER
397 3168 550 3236 QVINTVS
569 3169 663 3240 (mbr.)
681 3169 709 3225 11
725 3170 774 3238 fol.
795 3173 832 3226 52
844 3182 863 3235 ⁸,
882 3172 998 3242 Explicit
1013 3170 1083 3236 liber
1099 3171 1208 3241 quintus
1225 3171 1253 3224 B

131 3259 185 3326 fol.
206 3261 257 3312 53·
275 3263 298 3323 1,
322 3257 438 3328 Explicit
454 3256 535 3312 Liber
553 3256 667 3324 Quintus
687 3259 781 3325 (mbr.)
803 3258 828 3312 G
846 3260 900 3328 sol.
923 3261 955 3312 51
964 3261 986 3316 b.
1009 3259 1042 3313 dc
1061 3259 1151 3313 uerbis
1166 3275 1252 3327 supra

136 3348 312 3414 squalores,
328 3363 398 3415 quae
415 3345 511 3400 ducor
526 3344 648 3412 r'rrRBo,
666 3345 715 3415 eft.
725 3361 755 3413 1).
771 3345 829 3410 138,
848 3347 883 3399 26
938 3348 971 3401 16
989 3347 1038 3416 sic]
1055 3346 1118 3401 siG
1172 3348 1204 3401 19
1218 3347 1251 3402 de

138 3433 321 3489 nobismet
599 3469 601 3472 <
