3044 4656
154 310 164 335 ³
254 307 294 370 56
338 363 341 370 ,
589 304 614 357 S.
643 303 779 374 Optati
805 303 1033 359 M'ileuitani

254 516 341 562 sum.
366 499 451 562 solus
475 499 524 559 est
547 514 619 579 ergo
642 495 797 577 perfectus
820 500 853 560 et
874 498 1010 560 sanctus.
1035 496 1165 578 denique
1189 517 1248 562 non
1271 499 1361 563 dixit:

253 603 353 668 sancti
384 603 470 680 estis,
503 601 557 665 sed
589 600 684 664 dixit:
718 601 818 664 sancti
849 601 944 665 eritis.
977 602 1058 665 unde
1091 606 1139 667 est
1169 621 1250 686 ergo,
1284 605 1364 687 quod

252 709 344 776 uobis
370 709 538 792 perfectam
567 706 764 770 sanctitatem
792 707 829 770 de
857 707 1000 787 superbia
1026 708 1216 773 uindicatis?
1248 712 1308 774 nisi
1329 713 1366 774 ut

253 817 411 898 appareat,
453 813 526 895 quia
565 831 622 876 uos
662 811 748 894 ipsos
789 811 932 894 decipitis
974 816 1005 876 et
1045 814 1160 877 ueritas
1200 815 1231 878 in
1271 815 1363 879 uobis

253 941 314 985 non
353 923 410 985 est.
442 919 474 983 in
500 919 645 983 Iohannis
670 918 777 983 schola
799 936 867 983 esse
889 917 1045 984 noluistis.
1078 936 1147 981 cum
1171 919 1252 981 enim
1275 919 1364 983 sedu-
1394 942 1406 980 a

255 1027 327 1091 citis
360 1026 491 1108 aliquos,
521 1023 703 1106 promittitis
734 1043 792 1087 uos
822 1022 1047 1106 indulgentiam
1073 1026 1268 1104 peccatorum
1297 1045 1364 1091 esse

254 1133 390 1209 daturos,
424 1134 456 1195 et
489 1149 560 1196 cum
588 1130 686 1193 uultis
714 1129 824 1192 donare
851 1131 988 1211 peccata,
1016 1132 1154 1191 uestram
1180 1129 1364 1210 profitemini

254 1236 462 1299 innocentiam
481 1237 513 1297 et
530 1234 744 1299 remissionem
762 1236 958 1314 peccatorum
977 1232 1022 1296 sic
1037 1231 1126 1310 datis,
1142 1233 1229 1313 quasi
1243 1234 1362 1296 nullum

253 1338 394 1403 habeatis
412 1340 473 1421 ipsi
490 1341 663 1421 peccatum.
686 1358 747 1403 non
767 1342 816 1402 est
833 1339 894 1402 ista
911 1338 1121 1420 praesumptio
1141 1339 1195 1402 sed
1213 1338 1362 1420 deceptio,

253 1463 310 1507 nec
341 1444 458 1508 ueritas
492 1445 546 1508 sed
575 1430 783 1510 mendacium.
821 1443 935 1508 etenim
966 1443 1047 1506 inter
1076 1443 1181 1507 uicina
1209 1445 1406 1509 momentano

252 1548 325 1612 dam
348 1568 459 1615 manus
482 1550 630 1634 inponitis
654 1554 686 1615 et
708 1550 823 1614 delicta
850 1549 982 1630 donatis,
1010 1568 1080 1613 mox
1107 1549 1146 1613 ad
1173 1552 1268 1615 altare
1296 1555 1364 1615 con-

255 1655 338 1720 nersi
375 1650 559 1722 dominicam
598 1657 767 1722 orationem
802 1656 1046 1740 praetermittere
1081 1675 1141 1720 non
1171 1657 1303 1738 potestis
1335 1660 1367 1720 et

255 1761 364 1844 utique
392 1762 515 1828 dicitis:
546 1766 817 1846 paternoster,
846 1762 907 1844 qui
935 1781 971 1826 es
998 1761 1034 1824 in
1062 1761 1191 1837 caelis,
1219 1763 1366 1827 dimitte

255 1867 362 1932 nobis
382 1868 508 1934 debita
526 1873 562 1933 et
578 1872 732 1952 peccata
749 1873 883 1934 nostra.
908 1867 982 1950 quid
998 1868 1130 1946 noceria,
1150 1868 1222 1932 dum
1240 1872 1367 1952 peccata

254 1973 410 2038 confiteris
428 1976 508 2039 tua?
532 1975 560 2040 si
583 1979 709 2040 sanctus
733 1993 777 2051 es,
801 1973 874 2038 dum
898 1973 1029 2037 dimittis
1053 1973 1177 2039 aliena?
1199 1973 1259 2038 hoc
1275 1973 1367 2038 modo
1386 1995 1409 2033 n

255 2080 286 2142 et
315 2098 374 2145 uos
410 2079 496 2163 ipsos
533 2081 690 2165 decipitis,
724 2083 756 2144 et
786 2081 901 2144 ueritas
932 2079 964 2142 in
995 2078 1086 2142 nobis
1123 2096 1183 2141 non
1216 2080 1274 2139 est.
1311 2076 1366 2138 sed

252 2187 289 2247 ut
320 2189 456 2268 apparet,
483 2188 543 2252 hoc
570 2187 661 2251 uobis
698 2186 795 2249 dictat
825 2184 926 2247 nutrix
956 2186 1062 2246 uestra
1089 2180 1242 2263 superbia,
1275 2197 1365 2259 quam

255 2289 398 2355 Christus
425 2291 457 2354 in
486 2291 648 2373 euangelio
680 2289 882 2362 testificatum
916 2288 988 2369 quia
1018 2287 1078 2351 etsi
1108 2285 1232 2351 nomina
1261 2285 1366 2347 nestra

253 2414 313 2458 non
342 2395 427 2472 dixit,
454 2415 510 2476 per
536 2393 772 2458 similitudinem
798 2394 903 2454 tamen
929 2393 1052 2454 uestros
1079 2409 1180 2454 mores
1208 2388 1364 2464 ostendit3

256 2497 303 2560 sic
322 2498 403 2560 enim
422 2497 571 2579 scriptum
593 2499 657 2561 est:
681 2493 828 2557 diceba-t
844 2494 950 2557 Iesus
968 2495 1060 2558 hanc
1079 2493 1365 2558 similitudinem
1382 2520 1408 2558 ao

254 2603 405 2685 propter
444 2619 520 2678 eos,
552 2599 615 2680 qni
646 2617 684 2663 se
716 2601 864 2662 sanctos
895 2600 1028 2680 putant
1059 2602 1095 2662 et
1126 2603 1367 2665 contemnunt

253 2709 406 2771 ceteros.
430 2705 490 2770 hoc
512 2705 549 2768 de
572 2704 663 2769 uobis
682 2704 800 2768 dictum
827 2722 895 2768 esse
921 2704 990 2786 ipsa
1011 2723 1061 2769 res
1086 2705 1245 2770 euidenter
1263 2710 1365 2775 osten-

255 2812 311 2889 dit,
336 2811 408 2878 dum
431 2829 489 2875 uos
513 2810 603 2893 quasi
625 2814 749 2876 sanctos
773 2810 921 2880 extollitis
945 2813 976 2875 et
993 2830 1050 2875 nos
1068 2810 1232 2876 manifeste
1251 2816 1365 2895 aperte-

256 2928 315 2999 qtre
350 2917 574 2982 contemnitis:
600 2917 684 2994 dno,
711 2916 826 2999 inquit,
855 2916 1101 2981 ascenderunt
1126 2917 1162 2980 in
1189 2920 1363 3002 templum

255 3022 420 3101 adorare,
448 3042 542 3088 unus
569 3023 786 3107 pharisaeus
815 3029 851 3086 et
878 3023 973 3086 alter
1004 3022 1234 3104 publicanus.
1266 3024 1365 3105 phari·
1383 3047 1408 3086 aa

253 3146 344 3192 saeus
362 3128 513 3205 tumidus,
529 3129 690 3212 superbus,
709 3117 845 3205 inflatns,
859 3128 948 3205 talis,
959 3117 1065 3209 quales
1085 3131 1116 3191 et
1133 3148 1191 3193 uos
1209 3128 1363 3208 uidemus,

340 3405 393 3458 411
409 3407 441 3459 16
456 3405 501 3459 cfr.
515 3405 529 3458 I
545 3405 604 3458 Ioh.
621 3404 672 3469 1,ss
722 3405 753 3458 13
765 3405 861 3460 Matth.
876 3405 901 3467 6,
914 3406 930 3459 9
943 3404 966 3458 do
981 3404 1020 3458 12.
1068 3404 1101 3457 20
1114 3420 1153 3472 sq.
1163 3403 1225 3458 Luc.
1240 3403 1281 3468 18,
1295 3406 1310 3458 9
1325 3422 1363 3474 sq.

290 3562 302 3614 1
325 3559 386 3630 crgo
406 3578 455 3615 om.
474 3561 560 3617 RBob
648 3565 754 3615 sanctus
773 3565 801 3616 et
818 3561 949 3631 perfectus
966 3561 998 3615 ab
1086 3560 1102 3612 2
1122 3559 1169 3613 sed
1187 3560 1273 3613 sancti
1291 3561 1364 3615 eritis

255 3649 321 3702 dixit
348 3649 407 3703 edd.
504 3649 520 3702 5
546 3648 653 3702 Iohanis
682 3647 739 3716 (sic)
765 3648 830 3702 socii
858 3646 900 3701 Gb
987 3645 1121 3714 noluistis]
1148 3662 1201 3699 non
1227 3647 1309 3700 uultis
1339 3647 1363 3701 G

256 3736 337 3788 tuos
356 3752 406 3790 om.
424 3738 452 3791 B
538 3736 664 3806 8quasi]
687 3753 737 3806 qne
763 3738 785 3789 si
803 3737 829 3788 B
932 3736 1035 3789 nullum
1053 3734 1178 3789 om.G
1222 3736 1255 3788 14
1273 3735 1364 3789 debita

256 3826 347 3877 nostra
374 3827 401 3878 et-
427 3826 580 3895 peccataG
685 3824 749 3894 quid
775 3823 945 3879 nocitarisG
1047 3824 1079 3876 15
1107 3823 1130 3875 si
1156 3826 1262 3877 sanctus
1282 3823 1320 3891 es]
1339 3823 1362 3875 si

254 3915 363 3972 sanctus
392 3913 426 3977 G,
454 3913 505 3966 scis
531 3901 565 3967 an
590 3916 622 3967 tu
640 3929 701 3967 eso
775 3929 833 3966 cnm
852 3912 998 3965 dimittisb
1070 3910 1103 3963 17
1122 3909 1193 3965 diota
1213 3910 1246 3975 G,
1264 3909 1363 3963 dicito

257 3999 290 4052 18
308 4000 468 4054 testaturG
546 4001 577 4054 21
598 4016 626 4053 se
644 3999 761 4070 ipsosG
831 4004 1015 4069 contempnere
1032 3997 1087 4052 RB
1160 3999 1195 4051 22
1212 3997 1287 4051 uobis
1304 3998 1363 4066 ipsa

256 4104 298 4141 res
321 4089 420 4142 dictum
444 4104 500 4142 esse
523 4088 660 4142 euidenter
680 4088 708 4141 B
794 4088 942 4142 feuidenter
962 4087 990 4142 P
1069 4088 1108 4139 ’25
1132 4086 1238 4140 adorere
1261 4100 1310 4138 om.
1327 4084 1360 4147 P,

258 4177 368 4232 orareG
438 4176 515 4246 alter]
528 4192 594 4229 unns
608 4175 758 4230 RBchd.
811 4176 846 4228 26
860 4175 966 4228 inflatus
981 4173 1145 4243 superbusG
1215 4171 1362 4242 qnalisRB
