3044 4656
257 299 298 362 74
594 288 621 341 S.
647 285 786 358 Optati
810 284 1045 340 Mileuitani

258 487 374 552 cotidie
388 502 497 567 rogare
514 481 672 547 debuerat.
688 480 734 544 sio
749 478 831 542 enim
845 480 937 545 dooet
950 478 1062 543 beatus
1078 480 1240 561 apostolus
1253 479 1383 543 Paulus:
1456 530 1458 534 .

257 594 392 675 rogate
424 599 488 672 pro
521 585 674 671 regibus
708 588 745 649 et
775 585 1043 668 potestatibus,
1075 588 1116 649 ut
1148 585 1311 666 quietam
1350 589 1385 650 et

258 695 505 779 tranquillam
520 693 638 756 uitam
653 710 733 756 eum
747 691 842 774 ipsis
857 710 1018 775 agamus.
1033 709 1094 754 non
1109 692 1192 755 enim
1208 691 1386 773 respublica
1457 735 1458 740 κ

259 805 308 866 est
330 803 362 865 in
387 797 528 874 ecelesia,
558 797 614 862 sed
643 796 776 861 eeclesia
802 797 834 860 in
861 796 1030 878 republioa,
1058 795 1093 858 id
1120 798 1170 860 est
1200 797 1232 859 in
1245 796 1384 878 ¹imperio

258 908 408 985 Romano,
433 903 517 986 quod
540 903 692 966 Libanum
715 902 852 985 appellat
874 902 1018 967 Christus
1040 901 1073 964 in
1096 901 1226 965 canticis
1250 901 1385 966 oantieo-
1415 921 1428 960 s

257 1033 338 1090 rum,
363 1031 435 1076 eum
462 1008 557 1073 dicit:
584 1006 680 1080 ueni,
709 1026 845 1089 sponsa
866 1026 946 1071 mea
962 1007 1130 1084 inuenta,
1153 1006 1240 1069 ueni
1265 1006 1308 1070 de
1331 1006 1384 1070 Li·

256 1119 360 1194 bano,
388 1116 422 1180 id
449 1117 498 1180 est
524 1113 563 1178 de
589 1113 720 1194 imperio
752 1112 903 1190 Romano,
936 1112 992 1176 nbi
1019 1114 1051 1176 et
1079 1111 1254 1176 saeerdotia
1277 1116 1385 1176 saneta

258 1225 333 1285 sunt
355 1224 387 1285 et
408 1219 560 1301 pudicitia
583 1221 616 1292 et
636 1217 811 1302 uirginitas,
836 1235 915 1298 quae
937 1217 970 1281 in
992 1216 1130 1281 barbaris
1154 1216 1300 1300 gentibus
1323 1236 1384 1281 non

259 1327 333 1388 sunt
355 1327 396 1401 et,
422 1322 449 1386 si
472 1324 586 1398 essent,
605 1323 676 1386 tuta
698 1339 768 1386 esse
790 1340 852 1385 non
870 1323 1008 1404 possent.
1028 1319 1138 1412 merito
1157 1320 1275 1384 Paulus
1294 1321 1386 1384 doeet
1449 1339 1451 1345 ·

258 1429 409 1509 orandum
420 1447 488 1492 esse
498 1447 554 1511 pro
562 1427 690 1512 regibus
705 1430 738 1492 et
750 1427 972 1513 potestatibus,
992 1425 1116 1491 etiamsi
1129 1424 1203 1490 talis
1216 1426 1385 1509 imperator
1405 1444 1430 1483 ιο

257 1536 351 1611 esset,
362 1533 416 1616 qui
425 1533 731 1617 gentiliteruiueret3
744 1533 971 1617 quantomagis
982 1531 1065 1614 quod
1079 1530 1278 1610 christianus,
1289 1551 1385 1614 quan·

257 1642 291 1702 to
316 1637 399 1720 quod
422 1639 516 1702 deum
538 1639 663 1715 timens,
688 1641 804 1721 quanto
828 1639 911 1721 quod
933 1638 1115 1722 religiosus,
1153 1640 1268 1718 quanto
1302 1637 1385 1720 quod

258 1743 451 1834 misericors,
484 1746 521 1807 ut
556 1743 625 1826 ipsa
658 1764 708 1809 res
749 1746 878 1827 probati
916 1745 1046 1808 miserat
1082 1742 1165 1806 enim
1204 1746 1385 1808 ornamenta

258 1849 403 1915 domibus
427 1849 487 1926 dei,
511 1850 640 1915 miserat
661 1851 851 1933 pauperibus
880 1849 1120 1932 eleemosynam,
1148 1847 1226 1918 nihil
1248 1850 1383 1917 Donato.

258 1973 313 2019 our
336 1975 409 2038 ergo
432 1955 608 2023 insaniuit?
632 1974 687 2020 cur
708 1956 808 2020 iratus
831 1958 890 2035 est,
915 1974 979 2035 our,
1004 1954 1087 2036 quod
1109 1953 1243 2017 missum
1268 1955 1380 2035 fuerat,
1402 1971 1427 2011 1⁵

170 2069 172 2072 ’
257 2059 460 2141 repudiauit?
484 2063 516 2124 et
539 2079 610 2125 eum
624 2060 688 2139 illi,
708 2061 762 2142 qui
784 2061 874 2126 missi
896 2060 1027 2137 fuerant,
1048 2056 1186 2123 dicerent
1207 2078 1241 2123 se
1263 2060 1307 2124 ire
1330 2079 1386 2142 per

257 2165 433 2246 prouincias
457 2166 598 2248 singulas
618 2173 650 2228 et
666 2165 847 2230 uolentibus
867 2165 1006 2246 aeoipere
1025 2183 1059 2228 se
1079 2164 1216 2243 daturos,
1234 2164 1289 2228 ille
1308 2164 1385 2227 dixit

257 2270 373 2351 ubique
401 2288 434 2333 se
465 2269 587 2333 litteras
619 2269 827 2351 praemisisse,
856 2287 894 2332 ne
921 2268 963 2345 id,
991 2269 1076 2349 quod
1103 2270 1243 2333 adlatum
1271 2268 1382 2346 fuerat,

257 2375 446 2455 pauperibus
470 2374 586 2439 alieubi
609 2357 849 2455 dispensaretur.
870 2392 887 2437 2
907 2373 1068 2437 consulere
1091 2374 1224 2452 miseris,
1244 2393 1261 2438 2
1280 2375 1383 2456 proui-

258 2475 329 2538 dere
339 2477 538 2559 pauperibus,
553 2495 571 2540 o
586 2476 804 2558 peecatoribus
823 2477 1008 2560 subuenire!
1029 2478 1144 2541 elamat
1162 2479 1239 2544 deus
1259 2480 1380 2545 dioens:
1399 2501 1425 2540 ao

258 2599 324 2664 ego
356 2600 446 2667 snm,
478 2579 541 2660 qui
571 2579 643 2644 feei
666 2599 864 2662 pauperem
887 2585 924 2646 et
947 2581 1114 2660 diuitem,
1138 2603 1200 2649 non
1224 2585 1380 2666 quianon

257 2685 362 2768 potuit
393 2687 425 2748 et
453 2684 643 2767 pauperibus
676 2685 757 2764 dare,
786 2687 851 2766 sed,
875 2688 903 2752 si
931 2689 1082 2754 ambobus
1110 2688 1207 2767 daret,
1235 2694 1396 2774 pennator-

347 2919 481 2998 err'm.
501 2941 526 3006 2,
546 2945 562 2997 2
616 2944 632 2996 2
651 2942 728 2998 eant.
746 2945 772 3009 4,
791 2945 808 2998 2
862 2945 893 2998 21
914 2946 992 3002 mou.
1013 2948 1054 3012 22,
1074 2949 1091 3000 2

263 3116 264 3120 ’
293 3103 308 3153 1
333 3100 411 3170 docet
434 3099 523 3154 dicens
550 3101 721 3156 beatissimus
742 3103 842 3157 Paulus
870 3104 1007 3174 apostolus
1032 3105 1058 3160 G
1146 3105 1162 3158 2
1185 3108 1217 3159 ut
1239 3106 1331 3174 quieta
1353 3109 1380 3160 et

255 3187 401 3256 1222221112
414 3191 496 3258 agant
507 3189 627 3259 tempora
639 3190 721 3244 suaG
755 3193 774 3244 4
786 3191 923 3260 rapupliee
932 3193 965 3256 G,
980 3194 1039 3248 edd.
1052 3193 1172 3251 addest
1206 3192 1222 3246 5
1235 3192 1379 3263 Libanum]

256 3272 378 3330 libellum
395 3276 423 3329 Β
475 3278 569 3355 brnen
586 3279 696 3331 inuenta
715 3278 747 3346 de
765 3280 795 3334 L.
807 3278 878 3334 RBv
898 3281 971 3348 (neni
983 3297 1037 3348 pro
1056 3282 1167 3335 inuenta
1186 3281 1251 3334 oda.
1269 3281 1377 3350 022121),

256 3377 316 3416 mae
333 3365 396 3417 ueni
414 3381 430 3419 2
446 3365 477 3419 L.
498 3365 550 3431 Gb,
567 3382 627 3420 mea
643 3365 755 3420 inuenta
773 3367 835 3420 ueni
853 3366 885 3420 de
903 3369 1000 3436 scripsi
1011 3371 1089 3434 (nam
1106 3368 1272 3436 repetitionis
1289 3371 1379 3439 fiparo

255 3448 287 3502 ia
299 3449 402 3514 Curatio.
418 3453 671 3527 ¹testatissimaest.)
709 3454 883 3509 isaeerdoti·
903 3458 1161 3524 (aeupraeer.m.2)
1175 3455 1203 3508 Β
1238 3456 1377 3527 8uirgini·

255 3537 321 3590 tatis
336 3538 362 3591 G
415 3542 540 3613 quaein]
559 3542 677 3617 qnemB
724 3543 752 3595 in
766 3544 861 3598 22221)
931 3543 1051 3598 barbaris
1069 3560 1122 3597 non
1140 3546 1203 3597 sunt
1216 3545 1378 3614 gentibusG

256 3623 384 3679 9tutoo
453 3627 554 3683 Paulus
573 3629 709 3698 apostolus
730 3629 756 3683 G
821 3618 854 3684 10
868 3635 944 3685 >esset
960 3624 1106 3700 imperator
1121 3631 1154 3685 ob
1241 3633 1271 3686 11
1292 3635 1377 3704 magis

255 3726 305 3765 om.
323 3711 379 3766 ΒΒ
397 3713 455 3768 edd.
529 3715 562 3769 12
580 3714 669 3784 deum]
687 3715 822 3770 dominum
840 3717 895 3772 RB
960 3718 993 3770 13
1011 3719 1052 3786 nt]
1071 3720 1132 3784 eto
1216 3719 1287 3773 enirn
1307 3720 1338 3790 (e.
1358 3721 1375 3775 l.

254 3816 289 3854 22.
307 3799 372 3864 1513
426 3802 460 3854 14
477 3802 648 3862 elemosinam
665 3804 748 3868 niebil
766 3805 864 3860 donato
884 3806 977 3872 (nichil
995 3822 1053 3874 exp.
1072 3812 1097 3860 et
1115 3807 1180 3862 ada.
1198 3808 1217 3861 i.
1235 3826 1284 3878 nep.
1303 3809 1376 3863 misit

255 3887 354 3941 donato
370 3904 405 3943 m.
425 3891 454 3956 3)
476 3888 502 3943 G
555 3891 588 3945 15
606 3907 670 3960 ergo
684 3890 755 3954 =nihil
773 3892 867 3960 (nichil
884 3893 921 3962 B)
940 3893 996 3949 RB
1038 3895 1159 3949 insenuit
1177 3895 1211 3955 Β.
1230 3897 1330 3950 insanit
1349 3895 1375 3950 G

256 3975 328 4044 quod
345 3975 436 4030 om.B
489 3978 523 4031 16
541 3978 567 4032 21
585 3977 731 4032 2112222212
786 3981 817 4033 17
837 3983 864 4034 et
882 3981 1205 4050 acciperenolentibusG
1260 3982 1292 4036 18
1304 3982 1375 4052 quod

214 4084 218 4089 s
254 4079 305 4117 om.
319 4062 347 4115 Β
379 4048 433 4117 ’19
452 4064 648 4133 o]hoeGoelri.
667 4066 686 4120 i.
705 4083 754 4136 mp.
772 4083 822 4121 ser.
840 4067 961 4136 idemque
979 4068 1188 4125 conteneant:
1235 4069 1374 4139 prouidere

254 4150 342 4204 iuerat
358 4150 446 4206 RBob
517 4153 551 4205 22
569 4155 680 4223 pauperi
700 4153 742 4232 Gt
