3044 4656
504 291 626 350 ,Liber
648 291 846 362 septimus,
873 307 895 343 o.
924 291 948 345 l.
1212 293 1273 356 163

162 484 304 549 tabulis
340 484 518 568 lapideis,
555 484 619 550 sed
648 485 685 549 in
715 483 862 576 tabulis
894 483 1015 550 cordis
1048 484 1272 551 carnalibus.

161 592 235 671 post
258 592 363 674 legem
390 609 416 660 a,
429 591 538 673 Moyse
564 591 694 656 fractam
719 593 752 655 et
777 608 797 654 a
821 589 900 655 tiliis
916 589 1036 656 Israhel
1056 591 1199 657 hostibus
1223 590 1288 656 de·>

161 695 302 760 relictam
329 698 362 760 et
387 695 534 761 offerente
555 696 678 763 Baruch
704 695 743 760 ad
763 695 901 761 Ioaohim
926 715 1032 781 regem
1060 699 1092 761 et
1118 695 1273 763 concisam

162 804 194 867 et
213 800 372 867 incensam
395 804 465 866 aute
488 804 628 884 tempora
651 801 825 880 christiana,
847 801 903 867 ubi
919 803 1028 885 postea
1043 802 1157 868 melius
1176 801 1272 887 scrip·

129 909 248 971 scmus
272 910 346 996 erat,
369 909 471 993 legem
492 909 644 974 indicauit
666 908 742 974 deus
763 927 819 992 per
839 908 1021 992 prophetam
1044 908 1164 975 dicens:
1189 927 1273 992 quo·

160 1013 256 1076 niam
291 1013 359 1079 hoc
395 1017 453 1079 est
488 1017 752 1081 testamentum
786 1018 919 1093 meum,
953 1015 1048 1097 quod
1080 1015 1274 1099 disponam

159 1117 282 1183 domui
313 1120 458 1186 Israhel
489 1124 525 1186 et
556 1121 679 1187 domui
709 1119 836 1199 Iudae,
869 1131 905 1186 et
935 1125 1021 1205 post
1055 1121 1135 1188 dies
1170 1121 1271 1198 illos,

157 1224 250 1290 dicit
277 1226 457 1306 dominus,
482 1228 570 1294 dans
593 1229 696 1314 leges
719 1247 817 1293 meas
840 1228 876 1293 in
899 1227 1006 1293 corde
1029 1247 1151 1293 eorum
1175 1230 1213 1292 ct
1233 1226 1270 1291 in

154 1331 342 1397 mentibus
366 1352 489 1411 eorum
513 1335 670 1400 scribam
693 1353 764 1400 eas.
787 1334 931 1417 promisit
952 1333 1011 1399 hoc
1032 1333 1216 1399 iamdudum
1241 1334 1274 1398 et

111 1452 137 1492 ιο
152 1437 289 1519 proxime
319 1434 454 1503 reddidit
482 1440 675 1522 temporibus
707 1439 894 1505 christianis.
931 1457 1004 1523 ergo
1035 1440 1098 1506 iam
1129 1440 1266 1506 secundo

153 1541 222 1606 loco
251 1546 300 1606 ost
326 1543 442 1620 charta,
470 1544 606 1608 secundo
632 1545 702 1609 loco
729 1543 936 1613 membranae.
976 1546 1004 1610 si
1031 1566 1050 1611 a
1077 1546 1134 1613 deo
1156 1546 1205 1611 lex
1227 1545 1272 1611 ibi

154 1646 270 1726 scripta
292 1649 350 1724 est,
373 1647 455 1711 unde
476 1646 558 1711 tradi
580 1667 640 1712 non
662 1649 772 1728 possit,
791 1649 827 1709 ut
843 1653 986 1730 parentes
1004 1651 1112 1728 uestri,
1132 1651 1188 1732 qui
1207 1652 1269 1714 iam

153 1749 184 1812 in
207 1751 346 1814 trinitate
369 1751 571 1829 crediderant,
598 1753 741 1832 quamuis
762 1751 859 1817 libros
880 1752 1072 1829 tradiderint,
1094 1772 1152 1817 nec
1176 1753 1270 1818 corda

153 1871 209 1917 nec
237 1857 357 1918 mentes
388 1854 571 1919 tradiderint
601 1873 688 1932 suas,
719 1855 752 1919 in
783 1854 897 1937 quibus
929 1855 1006 1929 deus
1036 1857 1140 1940 legem
1175 1873 1265 1925 snam

111 1959 288 2042 ascripsit,
317 1960 411 2025 sicuti
438 1979 471 2024 se
498 1961 685 2044 scripturum
711 1954 788 2026 esso*
802 1959 1000 2043 promiserat:
1026 1959 1081 2024 nbi
1103 1961 1153 2024 est
1172 1978 1261 2045 ergo,

152 2065 246 2131 frater
260 2067 472 2145 Parmeniane,
491 2067 574 2148 quod
592 2066 696 2132 dixisti
712 2066 837 2150 penitus
860 2068 1001 2130 exustam
1023 2085 1041 2130 a
1061 2065 1264 2152 traditoribus

150 2173 272 2256 legem?
297 2191 368 2238 ecce
390 2191 447 2237 nec
468 2174 594 2256 penitus
616 2175 724 2238 exusta
746 2175 871 2238 estnec
894 2191 929 2237 ex
946 2174 1013 2237 toto
1033 2173 1165 2264 rublan,
1184 2171 1260 2239 dum

151 2281 184 2343 et
208 2278 240 2345 in
268 2279 413 2345 cordibus
444 2278 637 2344 credentium
666 2282 772 2344 manet
798 2288 828 2343 et
853 2278 1003 2344 librorum
1033 2278 1122 2344 milia
1148 2275 1264 2362 ubique

149 2385 331 2463 recitautnr3
358 2385 441 2450 unde
463 2388 590 2470 apparet
609 2388 641 2449 tc
663 2387 807 2468 parentes
829 2387 912 2462 tuos,
935 2384 1078 2466 quamuis
1100 2391 1157 2468 per
1175 2384 1266 2470 igno·

107 2506 133 2543 ¹⁰
149 2491 290 2570 rentiam,
316 2491 432 2557 frustra
458 2510 602 2558 accusare
627 2490 780 2557 uoluisse.
815 2490 912 2574 igitur
938 2490 965 2555 si
991 2492 1135 2574 parentes
1160 2489 1261 2555 uestri

152 2596 190 2660 ad
220 2600 361 2683 tempora
394 2598 524 2664 unitatis
560 2600 754 2668 occurrerent
783 2598 833 2661 tot
863 2595 1010 2680 exemplis
1041 2594 1265 2661 rationabiliter

150 2703 279 2767 redditis
314 2707 346 2772 et
369 2705 431 2786 ipsi
458 2723 476 2767 a
502 2705 717 2770 communione
743 2702 853 2786 repelli
879 2721 940 2767 non
973 2704 1112 2785 possent,
1141 2703 1260 2782 quanto

150 2827 220 2888 uos,
247 2827 325 2890 quos
352 2810 476 2873 constat
498 2808 663 2874 traditores
689 2826 751 2871 non
778 2826 847 2872 esse
874 2807 930 2872 sed
956 2807 1037 2872 filios
1064 2805 1262 2886 traditorum,

152 2922 223 2979 cnm
249 2915 372 2996 patrum
395 2915 427 2977 et
447 2912 581 2976 filiorum
609 2913 642 2974 et
666 2926 813 2991 personae
840 2912 1053 2977 discernantur
1076 2912 1107 2974 et
1129 2908 1264 2987 nomina,
1342 2974 1345 2979 ,

107 3031 132 3072 ²⁵
149 3019 230 3084 inter
256 3037 333 3103 quas
359 3035 506 3101 personas
533 3017 647 3081 sinon
674 3014 717 3079 sit
743 3017 915 3082 communis
943 3018 1045 3098 culpa,
1076 3033 1137 3079 non
1160 3015 1266 3096 potest

85 3107 86 3110 ¹
151 3144 212 3189 una
235 3144 304 3190 esse
326 3123 499 3189 sententia?
535 3139 721 3205 quamquam
743 3123 776 3185 et
797 3121 824 3185 si
844 3121 971 3188 illorum
992 3120 1096 3187 unitas
1120 3119 1209 3184 fieret
1232 3122 1265 3184 et

152 3233 180 3296 si
210 3233 248 3296 ad
279 3230 444 3303 ecclesiam
475 3227 658 3292 catholicam
689 3229 798 3308 sponte
815 3227 990 3320 vuenissent
1014 3263 1058 3274 -
1085 3231 1146 3291 non
1180 3225 1264 3291 sicut
1308 3294 1310 3298 ,

151 3358 219 3415 uos,
247 3353 325 3420 quos
351 3355 411 3401 non
439 3335 504 3400 sine
530 3333 692 3398 uoluntate
719 3331 768 3395 dei
795 3330 946 3397 adductos
973 3350 1043 3397 esse
1068 3333 1200 3411 constat,
1224 3335 1261 3397 ut

151 3445 301 3522 rediretis,
329 3443 410 3508 unde
438 3439 629 3514 erraueratis,
656 3437 799 3522 quamuis
827 3436 928 3502 adhuc
956 3437 1064 3503 emetis
1097 3474 1141 3484 —
1172 3437 1200 3503 si
1222 3438 1261 3502 ad

108 3575 134 3614 eo
152 3549 345 3627 catholicam,
372 3550 410 3612 ut
430 3547 501 3624 diri,
524 3546 633 3630 sponte
655 3545 824 3622 uenissent,
843 3543 915 3625 quia
936 3542 1100 3608 traditores
1123 3543 1259 3627 fuerant,

238 3826 254 3879 5
272 3825 344 3880 Hier.
363 3825 404 3888 31,
424 3824 457 3880 33
476 3823 531 3891 (cfr.
550 3823 631 3877 Hebr.
650 3823 691 3886 10,
711 3822 755 3888 16)

186 4001 202 4057 8
221 3999 326 4054 cordat
361 3999 395 4053 23
412 4015 464 4053 non
480 3997 622 4053 traditores
639 3997 655 4052 b
679 3996 769 4079 Ιὶῖθλοτ
781 3996 816 4050 ad
828 3996 887 4062 (cm.
907 3995 940 4064 si)
956 3995 1016 4051 eccl.
1033 3992 1150 4049 Occcub.
1171 3989 1257 4056 etvsi

152 4091 254 4159 (lipot.)
271 4089 298 4142 A
385 4088 419 4140 27
435 4086 571 4141 eeclesiam
590 4088 622 4152 (c
638 4088 720 4152 eros.)
742 4083 898 4138 -atbolieam
915 4084 942 4137 A
1045 4081 1168 4136 uenirent
1188 4077 1256 4132 OGb

153 4177 211 4245 (sed
228 4177 275 4245 cfr.
295 4177 311 4231 l.
332 4178 384 4242 30)
453 4173 487 4229 28
505 4173 549 4227 dei
565 4173 684 4228 eductos
701 4172 735 4238 A,
754 4171 858 4226 adiutos
878 4171 944 4227 t'Gb
1010 4171 1045 4228 30
1061 4165 1255 4223 fueruntt'Gb

1096 4323 1098 4326 r
1154 4273 1206 4329 11*
