3044 4656
578 305 695 359 Liber
719 306 889 374 quartus,
914 322 935 359 o.
954 305 1031 361 2-4.
1291 310 1352 374 1⁸05

237 499 424 584 peccatori
444 499 567 562 entem
590 498 683 562 dixit
704 480 803 577 dens,
830 498 925 564 uerba
942 496 1122 563 huiusmodi
1140 501 1352 581 sequerentur,

237 609 275 669 ut
306 604 434 672 diceret:
459 603 571 680 ‘tulisti
602 623 696 684 arms,
727 603 885 687 proiecisti
907 606 938 668 ts
962 602 1081 680 castris,
1105 603 1221 668 stetisti
1248 606 1354 670 contra

238 711 344 775 hostes
366 710 410 773 in
423 708 508 788 acie',
531 708 705 795 timendum
728 711 794 774 erat
813 709 917 785 militi,
942 697 1015 791 quia
1035 708 1140 791 potnit
1160 708 1227 791 ipse
1255 709 1355 775 uideri

238 817 390 898 peccator.
419 818 474 879 ant
499 815 527 881 si
555 815 684 883 diceret:
712 815 896 899 ‘conparasti
916 804 1051 891 merces,
1074 814 1286 898 peregrinatus
1309 835 1353 893 es,

150 939 152 944 ¹
208 936 222 977 ⁵
240 921 331 1004 egisti
349 920 511 998 nundinas,
526 920 605 985 lucri
624 939 718 985 causa
736 920 819 1003 qnod
836 937 965 997 emeras,
979 919 1167 998 uendidisti’,
1181 919 1354 1010 timendum

239 1028 305 1091 erat
329 1026 530 1112 negotiatori,
567 1027 641 1110 qnia
675 1027 780 1109 potuit
800 1027 877 1112 ⁴ipse
908 1025 1013 1091 'uideni
1048 1014 1200 1112 peccator.
1238 1028 1292 1091 aut
1327 1027 1356 1092 si

239 1122 367 1198 diceret:
401 1132 569 1198 ‘fabricasti
601 1152 728 1212 nauem,
767 1133 906 1198 struxisti
937 1132 1075 1209 funibus,
1113 1131 1228 1199 ornasti
1263 1132 1354 1209 uelis,

238 1241 438 1321 opportunos,
470 1242 507 1305 ut
537 1240 712 1324 nauigares,
745 1239 878 1323 captasti
913 1238 1045 1317 uentos',
1081 1238 1256 1304 timendum
1292 1239 1381 1305 erat·

236 1346 359 1421 nautae,
383 1345 456 1427 qnia
477 1344 583 1428 potuit
599 1345 666 1428 ipse
685 1346 785 1411 uideri
802 1347 956 1428 peccator.
976 1345 1032 1408 ant
1047 1346 1121 1427 post
1138 1344 1222 1427 quod
1238 1344 1355 1409 lactum

194 1463 219 1504 1⁰
238 1454 300 1515 est:
339 1445 525 1534 peccatori
562 1453 684 1515 autem
720 1451 815 1515 dixit
850 1450 950 1528 deus,
987 1449 1015 1515 si
1047 1452 1248 1532 sequerentur
1277 1449 1355 1514 haec

237 1555 347 1619 uerba:
380 1555 543 1630 ‘dissensio
576 1556 608 1617 et
638 1556 752 1621 scisma
777 1555 837 1619 tibi
863 1553 1031 1636 displicuit,
1060 1554 1254 1620 concordasti
1285 1572 1356 1619 cum

238 1659 331 1724 frate
368 1662 423 1724 tuo
441 1699 443 1701 -
460 1661 492 1722 et
511 1677 610 1748 ,cumb
635 1678 696 1722 una
732 1659 873 1735 ecclesia,
910 1675 989 1740 quae
1025 1662 1074 1724 est
1107 1660 1139 1723 in
1175 1660 1242 1727 toto
1284 1657 1356 1722 orbe

240 1766 400 1838 terrarum,
424 1762 662 1826 communicasti
679 1765 799 1845 septem
817 1760 958 1827 ecclesiis
977 1763 1010 1827 et
1026 1763 1184 1827 memoriis
1202 1761 1357 1843 apostolo-

209 1896 211 1901 ⁴
239 1888 320 1946 rum,
349 1869 508 1949 amplexus
532 1885 568 1932 es
589 1867 759 1946 unitatem',
788 1867 815 1931 si
841 1867 917 1932 haec
944 1867 1144 1949 subsequens
1162 1866 1256 1930 lectio
1285 1883 1357 1931 con·
1403 1873 1404 1879 ’
1457 1904 1476 1940 2

198 1974 363 2051 retineret,
391 1972 480 2039 nobis
511 1972 684 2037 timendum
712 1973 785 2050 erat,
813 1990 869 2037 nos
897 1990 965 2036 esse
987 1970 1147 2053 potuimus
1169 1973 1357 2052 peccatores.

242 2098 314 2143 cum
337 2082 442 2142 autem
465 2077 654 2146 dioirdeus:
687 2076 729 2142 ad
761 2077 849 2160 quid
881 2074 1030 2159 exponis
1061 2075 1233 2140 iustitias
1260 2092 1358 2140 meas

238 2171 278 2250 ¹et
318 2183 482 2249 adsumis
522 2186 784 2249 testamentum
824 2201 941 2248 meum
980 2200 1044 2266 per
1080 2199 1118 2247 os
1154 2183 1278 2244 tuum?
1314 2182 1334 2244 ‘t

161 2370 163 2376 .
241 2293 364 2356 antem
387 2289 648 2373 contempsisti
671 2282 1150 2372 disciplinametabiecisti
1171 2303 1358 2352 sermones
1442 2349 1446 2354 ,

240 2379 340 2462 meos
363 2396 477 2472 retro;
501 2395 633 2461 sedens
656 2395 835 2460 aduersus
857 2393 1009 2469 fratrem
1032 2396 1140 2479 tuum·
1154 2391 1357 2457 denotabas

197 2522 224 2561 oo
243 2504 279 2566 et
309 2500 489 2565 aduersus
521 2500 646 2564 filium
673 2499 801 2563 matris
829 2502 914 2562 tuae
940 2498 1102 2582 ponebas
1131 2491 1357 2562 scandalum.

243 2605 396 2671 uidebas
428 2605 546 2671 furem
568 2608 605 2671 et
627 2602 801 2670 currebas
829 2620 909 2669 cum
932 2623 974 2671 eo
996 2606 1032 2668 et
1063 2605 1144 2668 oum
1171 2601 1357 2667 adulteris

244 2711 450 2794 portionem
473 2715 572 2775 tuam
594 2711 764 2794 ponebas.
801 2710 877 2775 haec
900 2709 939 2773 ad
961 2729 1019 2775 nos
1042 2709 1126 2773 dicta
1148 2710 1223 2774 sunt
1245 2706 1360 2772 omnia,

246 2821 388 2898 excusate
411 2836 469 2882 uos
492 2817 530 2881 ab
552 2815 601 2880 his
625 2815 778 2891 omnibus,
802 2814 830 2878 si
850 2815 992 2896 potestis.

288 2923 321 2989 4.
344 2924 372 2987 A
394 2922 485 2987 uobis
509 2922 590 2986 enim
614 2920 791 3012 contempta
818 2921 866 2982 est
893 2919 1068 3002 disciplina3
1092 2922 1129 2983 ut
1151 2917 1225 2999 quid
1247 2916 1358 2983 recitas

235 3149 236 3152 ‘
335 3183 348 3235 1
368 3181 391 3236 s
408 3181 442 3236 ro
459 3181 502 3235 ss.
522 3181 565 3243 se,
585 3179 625 3241 re
672 3176 849 3241 reimaro,
868 3178 926 3262 reo.
947 3179 988 3233 ra.
1008 3179 1050 3233 so.
1072 3179 1112 3236 rs.

283 3357 354 3426 2nt]
367 3354 436 3410 etG
496 3354 740 3424 tulisti-peccator
751 3352 812 3420 (lin.
824 3352 938 3420 subscr.)
955 3353 981 3407 G
1041 3353 1177 3422 proiecisti
1189 3355 1268 3407 castr
1280 3353 1360 3414 RBv,

248 3444 401 3514 processisti
425 3443 457 3497 de
478 3442 528 3506 Gb,
547 3441 682 3512 proiecisti
699 3443 727 3494 te
743 3439 839 3508 scrspsi
895 3441 973 3494 stetis
992 3439 1054 3507 (sic)
1072 3438 1100 3494 B
1153 3435 1214 3494 Sin
1232 3440 1315 3494 aciem
1335 3439 1362 3495 G

250 3531 364 3602 equod*
383 3547 441 3584 eras
459 3530 523 3598 (sic)
541 3531 569 3584 B
637 3527 821 3584 dinstruxisti
841 3526 883 3582 Gb
949 3527 1122 3584 9nauiteG
1190 3528 1247 3600 ipsc
1265 3545 1315 3583 om.
1334 3529 1362 3584 B

251 3624 299 3677 aut
322 3621 344 3675 si
365 3624 427 3690 post
446 3621 479 3686 G,
503 3622 556 3674 sut·
572 3621 714 3690 postquam
741 3617 756 3671 b
784 3617 847 3684 (cfr.
868 3633 899 3686 p.
920 3617 978 3681 104,
997 3618 1044 3684 21)
1120 3618 1151 3672 11
1179 3616 1306 3672 ffissentm
1337 3616 1379 3671 G'
1476 3626 1479 3631 ’

235 3710 375 3780 scismata
397 3707 439 3762 Bo
526 3707 703 3778 displicente
790 3706 822 3760 12
844 3707 892 3759 tuo
915 3705 1018 3760 om.G
1104 3721 1171 3776 qnae
1187 3709 1238 3760 'est
1261 3704 1364 3761 omG

253 3798 286 3852 13
298 3799 332 3851 et
349 3812 399 3851 om.
421 3795 447 3849 G
534 3796 567 3850 15
589 3811 638 3848 nos
661 3810 718 3849 esse
740 3793 874 3865 potuimus
897 3809 954 3848 esse
971 3793 1007 3858 Β,
1031 3810 1079 3848 nos
1101 3794 1236 3864 potuimus
1260 3790 1316 3847 esse
1337 3791 1364 3846 G

254 3914 286 3968 16
306 3911 342 3966 Ut
360 3909 465 3980 qnidG
517 3904 758 3964 iustificationes'G
809 3909 843 3963 17
857 3907 973 3974 adsumis
992 3909 1015 3976 (s
1032 3924 1053 3963 s.
1073 3908 1219 3976 rosels
1279 3907 1362 3960 testa·

253 4003 371 4054 mentum
383 4001 459 4051 tuum
471 3999 498 4052 B
551 3998 584 4052 19
597 3996 736 4051 aduersum
748 3996 807 4052 noo
878 3995 1033 4066 denotabas]
1047 3995 1208 4071 detraheme
1220 3994 1246 4049 G
1260 3994 1363 4062 (loque-

253 4089 324 4143 baris
350 4086 427 4156 Ucip.
449 4086 496 4141 sed
517 4086 565 4153 cfr.
584 4102 614 4154 p.
634 4086 692 4149 107,
711 4085 754 4152 18)
842 4085 874 4139 21
894 4085 1046 4139 occurrebas
1070 4071 1136 4148 RB,
1155 4081 1325 4138 concurrebas
1348 4096 1364 4133 o

257 4175 381 4229 adulteris
397 4162 479 4244 port]
496 4172 595 4228 mechis
612 4172 765 4246 particulam
782 4172 807 4227 G
825 4171 883 4240 (cfr.
896 4189 927 4241 p.
942 4173 1054 4241 111,1e)
1091 4173 1124 4226 23
1143 4169 1263 4226 omnibns
1276 4184 1325 4231 om.
1339 4168 1364 4223 G
