3044 4656
116 288 118 292 Ι
235 324 323 393 'Xffl
693 311 908 369 Praefatio.

278 519 345 583 Iam
359 534 434 581 uero
449 511 573 580 codices
586 509 708 576 induas
719 508 878 574 decedere
892 505 1029 572 familias
1044 526 1149 573 eruere
1164 509 1360 586 conabamur,

197 613 199 616 ⁴
234 625 328 708 prout
345 619 553 704 cogitationes
572 614 684 682 seriem
703 614 928 680 sententiamm
941 614 1170 696 uerborumque
1186 608 1363 680 collocatio·

235 748 307 794 nem
330 725 452 809 aliaque
473 722 633 805 praebent,
661 720 775 804 quibus
799 719 934 806 genuina
954 719 1105 783 librorum
1128 718 1288 785 confectio
1311 719 1363 784 de·

235 832 391 910 scribitur,
430 829 485 894 ant
521 825 642 906 addita,
676 825 881 909 amplificata,
919 825 1073 899 correcta,
1117 839 1195 905 quae
1231 822 1362 887 alteram

235 936 395 1021 scriptoris
432 950 558 1017 operam
593 930 733 997 redolere
761 931 918 998 uidentur.
953 929 1042 994 illam
1069 927 1221 992 familiam
1242 923 1384 1010 reprae?

237 1045 362 1109 sentent
381 1038 465 1105 ARB
488 1035 622 1121 codices,
651 1036 766 1119 quihus
793 1031 1048 1118 quamproxime
1075 1029 1198 1096 accedit
1218 1029 1361 1097 cusanus

234 1147 316 1212 liber
342 1141 489 1210 editionis
519 1140 668 1226 principis
696 1140 944 1216 fundamentum,
974 1136 1013 1202 ad
1037 1137 1119 1201 hane
1151 1136 1284 1200 classem
1314 1154 1361 1199 re-

235 1251 377 1315 feruntur
414 1245 499 1313 Poe
532 1245 668 1312 codices.
711 1264 783 1311 cum
818 1263 904 1322 uero,
939 1245 976 1308 ut
1007 1260 1100 1324 supra
1130 1240 1202 1320 dixi,
1237 1242 1361 1304 tantum
1458 1237 1460 1239 ’

210 1357 213 1363 ’
236 1352 329 1431 absit,
351 1354 390 1417 ut
409 1352 519 1423 totum,
533 1348 668 1433 Optatus
691 1369 770 1433 opus
794 1368 887 1425 suum
910 1347 1091 1425 excusserit,
1114 1345 1205 1411 utin
1227 1343 1360 1429 singulis
1443 1436 1446 1440 ⁴

235 1458 376 1541 partibus
390 1474 508 1521 naeuos
522 1455 675 1539 quosdam
690 1453 864 1535 sustulerit,
878 1453 941 1518 ulia
954 1452 1045 1535 qnasi
1057 1451 1185 1530 dissona
1191 1449 1361 1533 reliquerit,

235 1561 337 1629 multa
366 1579 424 1628 suo
455 1579 596 1651 quaeque
626 1562 697 1628 loco
728 1560 915 1626 inculcanda
946 1558 1147 1643 congesserit,
1179 1556 1293 1641 quibus
1324 1574 1361 1621 ex

235 1665 360 1734 laciniis
372 1667 452 1733 liber
464 1666 520 1732 ille
529 1666 683 1752 septimus
697 1668 840 1733 constare
848 1665 987 1742 uidetur,
999 1683 1061 1730 non
1071 1667 1122 1730 est
1130 1663 1214 1747 qnod
1221 1662 1360 1741 doceam,

236 1777 425 1856 quantopere
454 1771 498 1838 sit
522 1791 704 1858 pomersum
734 1770 773 1836 ad
805 1771 899 1838 unius
928 1770 1126 1837 solummodo
1156 1768 1272 1836 codicis
1301 1768 1361 1834 etsi

234 1877 410 1961 perantiqui
438 1877 533 1944 fidem
555 1878 676 1963 exigere
704 1897 818 1945 nouam
842 1877 1021 1944 editionem.
1049 1877 1083 1942 in
1112 1877 1235 1941 duobus
1262 1875 1361 1959 igitur

234 1983 344 2065 primis
361 1983 450 2050 libris
464 1983 718 2067 Petropolitanns
735 1983 920 2066 praesertim
933 2000 1005 2049 cum
1021 1982 1170 2047 (icodice
1188 1998 1359 2047 consonans

236 2087 353 2154 criseos
365 2088 605 2155 fundamentum
623 2094 686 2167 est;
705 2088 817 2155 alibro
835 2087 929 2154 tertio
948 2105 1049 2170 usque
1067 2077 1107 2151 ad
1119 2085 1214 2150 finem
1227 2087 1360 2151 anctori-

234 2191 333 2256 tatem
353 2192 508 2275 fidemque
529 2195 611 2258 inter
632 2213 666 2258 se
688 2195 717 2257 R
738 2196 771 2256 et
793 2193 822 2258 G
845 2191 968 2258 codices
991 2190 1227 2272 dispertiuntur,
1249 2189 1294 2253 ita
1322 2193 1359 2253 ut

236 2298 382 2365 omnihus
400 2299 433 2364 in
450 2300 540 2378 locis,
563 2298 618 2363 ubi
641 2298 823 2379 scriptorem
843 2298 960 2379 optimo
977 2297 1044 2360 inre
1062 2295 1227 2359 addentem
1245 2312 1358 2377 augen-

234 2404 298 2465 tem
320 2402 536 2481 corrigentem,
562 2399 707 2479 inprimis
734 2397 766 2460 in
787 2398 958 2478 scripturae
986 2415 1091 2461 sacrae
1113 2398 1203 2475 loeis,
1227 2396 1361 2461 diuinari

233 2501 319 2577 licet,
332 2499 484 2565 lectiones
500 2500 590 2565 Gnel
601 2498 656 2565 ce
665 2497 809 2563 codicum
822 2504 940 2581 priores
953 2503 1058 2581 partes
1072 2520 1164 2586 agere
1172 2505 1359 2568 mereantur.

234 2604 467 2671 Aurelianensis
489 2622 517 2670 c.
538 2605 587 2668 est
605 2601 700 2667 nimis
718 2602 898 2681 lacunosus,
917 2604 1106 2672 Baluaianus
1121 2608 1198 2673 adeo
1216 2626 1278 2673 non
1291 2627 1359 2692 pro·

233 2709 320 2793 prius
344 2710 384 2774 et'
398 2726 486 2787 suus,
508 2710 546 2775 ut
566 2706 644 2773 nihil
665 2706 783 2774 iaciant
805 2707 844 2774 ad
866 2711 1076 2778 emendandos
1098 2713 1206 2780 libros.
1229 2731 1309 2797 quae
1332 2713 1360 2778 si

233 2815 280 2878 ita
300 2813 385 2892 sunt,
406 2833 468 2880 non
490 2814 594 2879 omnia
615 2814 655 2879 ad
678 2833 816 2900 unguem
839 2817 1002 2901 explanata
1019 2837 1088 2884 esse
1107 2820 1193 2885 haud
1214 2818 1359 2902 equidem
1493 2867 1495 2870 ψ

234 2918 428 3004 negauerim
461 2922 597 2986 attamen
628 2939 668 2987 ue
699 2920 744 2986 sis
775 2921 913 3005 iniquus,
944 2922 1102 2989 limatiora
1133 2924 1198 2990 noli
1225 2943 1357 3008 sperare,

236 3041 329 3103 qnam
353 3043 432 3105 quae
451 3025 611 3108 scriptoris
628 3044 739 3091 manus
758 3026 819 3092 etsi
841 3027 1055 3112 compluribus
1068 3029 1101 3094 in
1117 3030 1197 3096 locis
1215 3028 1358 3095 emenda·

235 3129 307 3192 tura
328 3128 420 3195 nobis
442 3130 582 3196 tradidit.

166 3235 221 3306 Μ’.
271 3232 324 3296 ¹lix
340 3233 481 3299 uirorum
499 3235 660 3301 doctorum
679 3255 819 3317 numero,
843 3237 897 3322 qni
918 3239 1127 3323 perpoliendis
1146 3239 1253 3324 Optati
1269 3239 1358 3306 lihris
1447 3258 1448 3261 ’

233 3355 288 3418 pro
312 3356 370 3403 suo
398 3339 530 3423 quisque
552 3341 682 3407 modulo
713 3361 839 3426 operam
866 3349 1062 3411 nanauerunt
1086 3364 1184 3412 nouas
1207 3346 1358 3413 editiones

211 3445 446 3524 procurantes,
476 3448 540 3511 tres
569 3446 773 3529 potissimum
801 3448 943 3531 pluribus
972 3451 1077 3517 uerbis
1107 3450 1219 3516 adferri
1247 3470 1358 3534 operae

224 3546 367 3627 xpretium
385 3548 525 3628 uidetur:
545 3549 780 3632 Occhlaeum
798 3555 1033 3634 Balduinum,
1051 3556 1264 3639 Dupinium,
1282 3577 1358 3640 quo·

233 3668 302 3714 rum
329 3655 432 3719 aetate
458 3655 603 3738 princeps
625 3657 764 3740 primam
791 3656 899 3742 Optati
928 3660 1097 3726 editionem
1120 3679 1147 3725 a.
1172 3663 1256 3727 1549
1285 3663 1357 3728 suh-

193 3765 213 3811 ν
236 3756 367 3822 ornauit
395 3758 555 3825 Johannos
578 3759 753 3828 (lochlaeus
776 3764 943 3830 eanonicus
964 3765 1027 3831 fuit
1048 3765 1303 3833 Uratislauionsis
1324 3768 1356 3831 in

234 3862 366 3927 ecclesia
374 3863 556 3944 cathedrali,
566 3866 621 3948 qui
631 3885 704 3931 cum
711 3867 793 3933 inter
805 3869 882 3933 belli
896 3869 1356 3946 schmalkaldlensistumultus

233 3966 265 4031 in
289 3966 421 4033 conradi
442 3963 540 4051 Bruni
568 3971 606 4036 de
628 3971 794 4038 haereticis
825 3972 922 4040 libros
945 3993 998 4041 sex
1021 3995 1144 4042 summa
1171 3994 1233 4060 qua
1252 3974 1358 4058 potuit

235 4071 398 4156 diligentia
419 4069 572 4154 incubuit,
602 4074 711 4160 Optati
732 4077 829 4143 libros
861 4079 996 4146 edendos
1026 4082 1167 4164 suscepit
1194 4079 1356 4162 editosque

164 4226 166 4231 ,
236 4177 418 4242 monasterii
439 4179 471 4244 in
495 4179 646 4266 longerie
668 4183 773 4247 abbati
795 4184 932 4250 Arnoldo
956 4184 1193 4251 dedicauit‘hac
1214 4185 1356 4267 inprimis
