3044 4656
506 345 618 400 biber
643 346 840 415 septimos,
865 366 887 399 c.
915 347 938 399 1.
1203 354 1265 416 165

157 537 247 613 lilios,
271 537 299 600 si
321 536 397 619 quid
416 539 563 619 peccetur
585 556 603 601 e
622 537 772 620 patribus,
796 557 853 603 nec
875 538 907 609 in
929 540 1067 622 patribus
1102 541 1130 607 si
1152 541 1227 624 quid
1249 560 1269 606 a

157 641 230 705 filiis
265 641 394 707 forsitan
431 643 635 726 delinquatur.
676 661 747 708 eum
778 645 810 708 et
839 645 1031 727 temporibus
1056 647 1165 731 Moysi
1201 647 1267 712 sine

158 747 340 830 cuiusquam
362 767 461 831 poena
481 749 532 813 lex
552 748 663 814 iterata
688 749 731 814 sit
764 752 796 814 et
817 768 887 831 arca
904 751 1088 816 ,asemona
1109 754 1146 818 ab
1169 752 1265 818 hosti·

156 853 215 917 bus
237 854 319 918 ultro
343 854 385 919 sit
405 854 526 919 reddita
557 857 589 919 et
615 856 653 920 ab
674 855 832 921 Hieremia
855 855 912 921 deo
934 857 1140 940 praecipiente
1163 858 1269 924 charta

124 958 198 1022 nsit
220 959 316 1023 altera
338 955 468 1042 scriptas:
500 980 595 1043 quare
621 963 750 1045 putatur
776 961 858 1043 apud
884 961 1016 1027 maiores
1037 966 1160 1030 uestros
1182 965 1267 1029 solos

154 1064 285 1147 capitale
307 1066 406 1131 fuisse
429 1071 604 1149 peccatum,
627 1069 659 1131 in
683 1086 742 1150 quo
765 1085 820 1151 per
840 1068 889 1132 tot
911 1068 1050 1151 exempla
1071 1087 1161 1134 nemo
1184 1069 1268 1134 dam*

152 1172 244 1235 natus
268 1174 338 1236 est?
368 1192 440 1237 nam
464 1174 494 1238 si
513 1163 653 1241 lex‘ideo
678 1175 750 1240 data
772 1177 830 1253 eet,
854 1176 891 1238 ut
911 1174 1052 1241 homines
1075 1175 1267 1252 docerentur,

152 1295 211 1341 non
234 1280 271 1341 ut
292 1278 362 1360 ipsa
382 1279 431 1344 lex
454 1281 544 1362 quasi
565 1300 621 1364 pro
645 1281 702 1348 deo
727 1281 889 1359 coleretur,
912 1282 985 1363 post
1004 1281 1123 1348 factum
1144 1284 1268 1366 patrum

150 1386 328 1448 uestrorum
350 1385 472 1449 nullum
495 1385 643 1451 damnum
660 1404 753 1470 passa
772 1389 820 1451 est
836 1387 928 1451 turba
946 1386 1150 1463 credentium;
1172 1406 1267 1452 unus·

111 1517 134 1553 ιο
151 1490 283 1571 quisque
306 1490 413 1554 eorum
436 1493 494 1556 sub
517 1495 605 1557 metu
627 1492 749 1557 codices
768 1494 843 1556 suos
860 1491 1003 1574 perdidit.
1022 1512 1093 1561 nam
1112 1494 1170 1572 lex,
1189 1510 1268 1576 quae

151 1594 327 1658 necessaria
352 1595 463 1673 furerat,
490 1597 576 1659 ualet
598 1595 680 1674 apud
703 1596 846 1661 doctores
868 1599 1053 1679 populorum
1077 1600 1109 1660 et
1131 1598 1267 1662 cultores

152 1697 211 1778 dei,
247 1697 457 1761 bibliothecae
483 1697 614 1762 refertae
642 1700 717 1763 sunt
741 1698 845 1773 libris3
877 1699 956 1762 nibil
987 1699 1076 1762 deest
1102 1700 1268 1774 ecclesiam

151 1821 206 1883 per
227 1803 298 1878 loca
319 1800 442 1884 singula
460 1800 600 1865 diuinum
619 1805 709 1866 sonet
724 1802 841 1883 ubique
858 1802 1071 1883 praeconium
1095 1820 1155 1866 non
1175 1802 1269 1865 silent

153 1919 206 1970 ora
235 1907 403 1981 lectorum3
435 1924 546 1982 manus
579 1906 718 1970 omnium
749 1905 908 1971 codicibus
935 1907 1044 1988 plenae
1071 1908 1158 1980 sunt;
1191 1889 1269 1969 nihil

110 2029 133 2066 u
153 2012 241 2077 deest
261 2011 386 2095 populis
410 2011 513 2076 doceri
536 2010 742 2094 cupientibus,
771 2011 915 2093 quamuis
936 2013 985 2075 lex
1007 2030 1067 2076 non
1090 2010 1191 2094 magis
1213 2030 1268 2093 pro

152 2117 293 2182 doctrina
323 2135 416 2199 quam
447 2136 502 2206 pro
534 2117 639 2182 futuro
670 2117 785 2184 indicio
814 2117 929 2203 scripta
956 2135 1025 2182 esse
1051 2116 1205 2193 uideatur,
1232 2118 1269 2180 ut

151 2224 231 2288 sciat
246 2225 399 2305 peccator,
419 2223 494 2306 quid
510 2223 577 2307 pati
593 2223 703 2305 possit,
723 2223 751 2289 si
767 2208 871 2288 minus
883 2222 972 2287 viuste
990 2223 1112 2287 uixerit.
1135 2221 1268 2304 denique

150 2329 301 2412 scriptum
320 2332 369 2394 est
387 2332 419 2394 et
435 2330 566 2413 legitur:
591 2327 687 2411 quod
708 2328 822 2393 iustis
840 2329 897 2393 lex
916 2328 1001 2393 data
1022 2348 1091 2394 non
1115 2328 1174 2405 sit,
1194 2327 1268 2410 quia

150 2435 408 2517 unusquisque
431 2436 558 2501 iustus
580 2435 661 2518 ipse
685 2434 758 2500 sibi
780 2435 846 2499 lex·
865 2437 934 2511 est;
959 2437 992 2499 et
1014 2435 1074 2500 alio
1096 2435 1166 2499 loco
1184 2432 1267 2496 idem

106 2555 131 2592 2⁰
149 2541 260 2605 beatus
288 2543 449 2624 apostolus
474 2543 593 2606 Paulus
622 2540 708 2618 dicit,
737 2540 810 2622 quia
831 2541 896 2605 ler‘
911 2559 981 2605 non
1006 2540 1101 2606 facit
1131 2527 1267 2615 iustos,

152 2645 215 2709 sed
237 2646 320 2727 ipsa
338 2651 433 2712 amat
450 2647 648 2713 iustitiam.
671 2665 793 2730 semper
809 2646 842 2711 in
859 2645 1005 2711 omnibus
1023 2646 1116 2710 rebus
1136 2642 1268 2707 efficien-

149 2751 235 2815 tibus
253 2750 363 2814 effecta
380 2755 581 2832 quaeruntur:
599 2754 692 2816 uacat
706 2754 766 2829 len,
786 2770 864 2832 qnae
884 2751 988 2829 efficit,
1012 2751 1040 2814 si
1061 2768 1116 2831 per
1137 2766 1268 2829 conpen-

152 2856 238 2921 dium
254 2856 397 2938 paratum
415 2857 473 2932 est,
492 2855 575 2936 quod
594 2854 736 2917 efficitur.
756 2855 886 2938 denique
904 2855 1044 2919 Abrabae
1066 2872 1127 2918 non
1151 2851 1268 2915 dictum

152 2965 213 3028 est:
238 2960 337 3037 crede,
365 2959 420 3023 sed
446 2961 529 3023 ultro
553 2956 693 3033 credidit,
715 2957 747 3021 in
772 2979 832 3040 quo
855 2962 922 3025 sine
943 2960 1013 3043 lege
1035 2957 1115 3040 legis
1139 2955 1267 3041 effectus

107 3103 132 3142 a
151 3068 289 3151 inpletus
313 3067 370 3131 eat.
393 3071 458 3129 non·
476 3063 605 3147 legitur:
629 3061 748 3126 audiuit
769 3063 924 3128 Abrabam
945 3055 1049 3148 legem
1072 3063 1104 3126 et
1116 3056 1265 3138 credidit,

154 3174 209 3238 sed
239 3172 370 3257 legitur:
403 3168 566 3235 credid-it
592 3167 771 3232 Abraham
804 3168 868 3234 deo
901 3171 944 3232 et.
967 3154 1178 3251 reputatum
1209 3168 1268 3230 est

153 3279 213 3343 illi
236 3278 279 3349 ad
299 3275 497 3343 iustitiam.
521 3277 560 3338 et
574 3273 681 3357 primis
703 3272 895 3354 temporibus
913 3273 981 3338 Noe
998 3270 1172 3356 patriarcha
1188 3270 1266 3334 nihil

155 3383 228 3467 egit,
255 3383 337 3448 unde
363 3383 466 3447 iustus
493 3380 591 3457 fieret,
618 3382 650 3444 et
675 3380 778 3443 iustus
806 3379 924 3443 electus
952 3381 1012 3457 est,
1039 3376 1092 3458 qui
1117 3376 1266 3446 fabricata

241 3573 310 3626 2-5
328 3572 373 3627 cfr.
391 3571 473 3625 ldxod.
493 3570 535 3636 34,
548 3570 701 3639 aa;1aeg.
717 3569 826 3637 6,2sq.
840 3567 913 3622 Hier.
928 3567 969 3632 36,
983 3567 1018 3621 27
1032 3583 1070 3636 sq.
1124 3566 1264 3624 18ITim.

156 3661 215 3723 1,9
251 3660 284 3714 19
302 3659 347 3714 cfr.
365 3661 441 3713 Rom.
460 3661 485 3743 2,
507 3660 540 3712 14
584 3659 618 3713 20
635 3657 680 3713 cfr.
699 3657 773 3710 Rom.
792 3656 818 3720 3,
838 3655 882 3720 ao;
904 3655 962 3711 (lab
980 3655 1006 3710 2.
1026 3655 1059 3710 16
1072 3655 1106 3724 (1)
1143 3656 1177 3710 26
1197 3653 1264 3709 Gen.

156 3748 197 3813 15,
215 3748 232 3801 6
252 3747 308 3812 (cfr.
325 3748 401 3802 Rom.
419 3747 445 3811 4,
463 3748 492 3811 33
513 3744 571 3807 ool.
589 3747 614 3810 8,
633 3747 662 3810 6;
680 3746 733 3802 Iao.
753 3745 778 3810 2,
796 3745 841 3811 23)

192 3871 204 3924 1
229 3871 252 3923 si
275 3885 292 3937 q
314 3867 360 3922 uid
382 3870 462 3938 (soter
484 3885 501 3937 q
523 3874 548 3922 ct
571 3884 588 3921 u
612 3867 714 3933 laeuo.)
736 3867 763 3920 A
836 3869 961 3936 peccatur
984 3865 1008 3920 θ
1074 3869 1103 3921 in
1125 3869 1214 3937 patres
1238 3866 1265 3919 A

156 3961 171 4011 2
190 3958 278 4011 forsan
299 3955 357 4023 (cfr.
370 3973 401 4024 p.
421 3954 479 4018 164,
500 3956 525 4021 1)
544 3954 599 4012 RB
694 3953 872 4024 delinquatur]
889 3953 1006 4022 sequitur
1023 3956 1137 4010 alterum
1155 3953 1264 4007 addito·

152 4052 270 4101 meatum
288 4060 320 4098 ear
337 4043 393 4098 eod.
416 4043 526 4098 Titiano
538 4044 569 4097 io
581 4044 623 4097 ΙΙ.
637 4043 782 4118 Boldao'no
794 4061 824 4112 p.
844 4043 889 4096 72·
901 4045 1050 4098 —74¹onrrr
1062 4046 1089 4097 et
1102 4040 1266 4110 temporibus

157 4132 334 4188 -necessitas
351 4147 404 4184 non
421 4132 545 4186 uoluntas
563 4133 602 4202 (p.
618 4131 677 4197 167,
691 4131 744 4198 33),
762 4131 834 4200 quod
850 4132 975 4191 emtarum
991 4133 1022 4186 io
1035 4131 1112 4199 libris
1124 4128 1265 4196 Dupiaaim

157 4221 188 4274 io
204 4217 376 4292 appendicem
392 4220 494 4286 retecta
511 4220 558 4274 eod
575 4219 623 4287 cfr.
637 4220 758 4288 praefat.
1093 4207 1095 4209 ’
