3044 4656
484 354 600 408 Liber
626 354 834 424 septimus
853 371 874 408 o.
902 354 980 408 2-3.
1231 360 1290 424 171

174 566 278 630 quam,
302 545 386 629 quod
409 546 547 611 offensus
569 548 682 626 fuerat,
706 546 878 623 uindicaror
903 546 976 611 dum
999 549 1100 613 nollet
1121 569 1155 615 se
1177 551 1292 634 negari,

172 651 317 735 promisit
347 672 380 717 se
412 653 495 734 apud
524 656 645 737 patrem
677 655 863 737 negaturum
895 671 979 730 esse,
1016 655 1070 736 qui
1102 674 1135 720 se
1166 660 1294 743 negaret

173 757 255 840 apud
277 757 418 824 homines
432 795 475 806 --
490 762 522 824 et
542 761 646 824 tamen
671 778 732 824 non
755 777 789 824 se
811 758 957 843 promisit
976 755 1170 843 puniturum,
1198 764 1293 847 serip-

161 866 274 928 turam
297 864 433 946 aliquam
456 865 510 947 qni
527 864 726 930 tradidisset:
748 865 876 950 grauius
899 866 950 930 est
971 865 1055 930 enim
1073 886 1185 953 negare
1209 889 1291 948 eum,

140 969 226 1051 oqui
246 971 371 1036 loeutus
394 971 446 1049 sit,
470 990 563 1053 quam
587 971 754 1038 tradidisse
775 971 881 1049 uerba,
900 988 979 1052 quae
1001 971 1128 1063 loeutus
1148 974 1246 1037 sit—
1260 978 1292 1040 et

171 1094 241 1139 enm
265 1077 342 1142 haee
364 1078 411 1141 ita
432 1077 549 1160 scripta
572 1077 645 1155 sint,
668 1079 775 1142 tamen
791 1077 875 1141 bono
892 1074 1022 1141 unitatis
1040 1077 1151 1142 beatus
1168 1079 1290 1160 Petrus,

170 1181 221 1245 oui
241 1182 318 1248 satis
337 1185 412 1262 erat,
436 1182 474 1262 si,
497 1186 571 1267 post
593 1183 677 1266 quod
699 1182 836 1268 negauit,
855 1182 951 1246 solam
976 1181 1101 1247 ueniam
1124 1203 1291 1269 conseque·

167 1289 262 1366 retur,
287 1291 319 1353 et
344 1289 492 1373 praeferri
520 1290 672 1373 apostolis
701 1289 846 1357 omnibus
872 1287 989 1354 meruit
1014 1291 1046 1352 et
1072 1291 1177 1356 elanes
1203 1293 1291 1377 regni

168 1396 327 1460 saelorum
350 1396 626 1461 communicandas
650 1396 763 1462 aetolis
786 1396 874 1459 solus
897 1394 1030 1478 aceepit.
1056 1396 1138 1462 bono
1160 1393 1293 1469 unitatis

126 1501 349 1582 1osepelienda
372 1521 442 1565 esse
465 1504 596 1583 peceato
618 1501 691 1565 hino
707 1499 851 1582 intellegi
869 1498 970 1578 natur,
989 1501 1072 1584 quod
1089 1503 1291 1576 beatissimus

170 1605 289 1668 Paulus
305 1604 467 1688 apostolus
482 1604 567 1668 dieat
585 1604 746 1669 caritatem
764 1603 857 1686 posse
876 1604 1037 1670 obstruere
1055 1607 1290 1673 multitudinem

169 1712 385 1791 peecatorum:
414 1727 533 1784 onera,
560 1707 673 1788 inquit,
700 1710 835 1791 uestra·
853 1706 1013 1772 inuicem
1037 1710 1233 1794 sustinete,
1256 1715 1289 1775 et

158 1813 231 1900 alio
254 1812 323 1875 loeo
351 1811 410 1874 ait:
439 1811 577 1874 soritas
604 1809 850 1894 magnanimis
874 1811 941 1886 ost,
966 1809 1103 1880 caritas
1130 1810 1290 1895 benigna

136 1970 138 1974 .
170 1919 236 1996 ost,
261 1916 398 1980 caritas
434 1934 504 1980 non
540 1910 693 1992 relatur,
736 1913 874 1980 oaritas
909 1932 978 1978 non
1014 1913 1182 1991 inflatur,
1219 1935 1288 1982 non

125 2045 150 2085 n
170 2023 326 2105 quaerit,
355 2039 447 2104 qnae
475 2017 541 2085 sna
568 2015 663 2086 sunt.
694 2023 726 2085 et
751 2021 831 2085 bone
854 2018 940 2101 dixit.
976 2020 1054 2084 haee
1076 2019 1159 2085 enim
1186 2021 1290 2087 omnia

168 2129 291 2194 uiderat
310 2128 342 2191 in
371 2126 523 2210 apostolis
551 2125 673 2204 ceteris,
701 2126 755 2209 qui
780 2125 1020 2211 bonopnnitatis
1046 2143 1102 2216 per
1127 2125 1288 2205 raritatem

168 2236 335 2300 noluerunt
366 2252 385 2297 a
418 2231 636 2297 communione
667 2231 754 2296 Petri
783 2230 938 2309 resedere,
970 2231 1039 2296 eins
1070 2230 1202 2310 seilicet,
1234 2234 1288 2315 qni

167 2342 337 2426 negauerat
376 2337 547 2404 Christum.
583 2337 696 2420 quodsi
731 2336 831 2402 maior
866 2339 951 2422 esset
982 2355 1069 2401 amor
1093 2329 1288 2404 innocentiae

169 2466 261 2529 quam
288 2445 417 2511 utilitas
436 2443 524 2527 paois
548 2433 590 2508 et
603 2443 747 2521 unitatis,
771 2443 910 2508 dicerent
931 2460 965 2507 se
988 2461 1049 2530 non
1073 2442 1183 2530 debere
1206 2447 1288 2518 rome

125 2573 152 2611 ro
167 2551 327 2616 manicare
347 2551 453 2628 Petro,
481 2549 535 2632 qui
563 2552 732 2635 negauerat
757 2548 944 2633 magistrum
972 2551 1004 2612 et
1031 2548 1081 2616 dei
1107 2547 1208 2613 filium
1235 2548 1287 2613 do·

168 2658 297 2721 minum.
338 2659 467 2738 possent
501 2675 562 2720 non
600 2655 843 2733 communicare,
880 2656 918 2719 nt
953 2672 1047 2737 supra
1077 2653 1197 2723 dietum
1228 2654 1285 2729 est,

167 2762 351 2827 beatissimo
369 2755 478 2836 Petr03
501 2764 633 2844 possent
655 2765 762 2825 eontra
782 2753 875 2825 illum
896 2759 1027 2824 reoitare
1049 2761 1145 2824 uerba
1163 2756 1289 2836 Christi,

168 2868 222 2950 qui
244 2866 431 2951 promiserat
451 2868 639 2948 negaturum
662 2883 697 2927 se
720 2881 789 2926 esse
815 2865 898 2947 apud
924 2867 1045 2947 patrem
1072 2882 1155 2941 eum,
1179 2862 1231 2944 qui
1254 2881 1288 2927 se

257 3160 273 3213 2
293 3159 315 3213 o
333 3158 367 3211 23
386 3157 432 3210 eor.
450 3154 547 3210 naon.
567 3154 608 3218 10,
628 3153 674 3219 aa
691 3139 755 3209 nuo.
774 3142 815 3217 12,
834 3131 853 3208 o'
902 3155 934 3209 12
953 3154 1012 3211 on.
1030 3157 1055 3219 e,
1075 3155 1092 3207 a
1144 3153 1177 3207 m
1195 3123 1285 3208 1001.

170 3249 211 3307 13,
229 3248 290 3301 aa

206 3453 218 3504 1
244 3415 357 3504 offensis
380 3449 462 3515 (corr.
485 3461 519 3499 m.
542 3447 571 3512 1)
588 3445 624 3509 R,
648 3445 765 3501 offensus
784 3441 851 3496 dioit
867 3439 956 3494 fueret
972 3440 1024 3527 Β,
1068 3442 1144 3496 nolet
1163 3441 1196 3497 θ.
1257 3460 1285 3498 se

169 3554 266 3611 negare
296 3536 363 3596 OGb
485 3534 502 3588 3
529 3532 600 3603 apud
627 3532 852 3600 homines-qnae
877 3528 994 3611 locutas
1009 3530 1050 3587 vsit
1074 3528 1159 3614 (15)
1186 3530 1286 3585 moiren

168 3620 200 3683 ia
222 3626 299 3681 latoio
321 3625 454 3679 habento·
473 3622 505 3677 ia
526 3621 570 3689 Hs
593 3621 739 3676 Baldoa'ma
755 3637 785 3688 p.
812 3617 888 3684 76¹5·
903 3616 951 3672 sed
968 3615 1017 3719 οἷς.
1030 3617 1122 3685 praef.
1211 3619 1295 3688 det]

170 3741 217 3797 sed
233 3739 289 3796 RB
373 3737 391 3832 Ὶ6
413 3739 454 3791 ita
475 3753 524 3792 om.
545 3735 592 3790 (d
658 3737 720 3790 sunt
739 3732 806 3788 (1θὸ
838 3804 840 3808 ¹
894 3731 1137 3837 ‘'nemilifflff·
1155 3748 1189 3786 m.
1209 3736 1237 3797 1)
1256 3731 1284 3786 R

173 3857 279 3912 ueniam
296 3853 440 3906 mereretur
456 3849 514 3905 RB·
597 3850 630 3904 11
650 3848 785 3920 apostolus
802 3847 900 3901 Paulus
917 3845 946 3902 B
1019 3846 1159 3903 caritatem
1178 3847 1207 3913 (h
1224 3861 1245 3897 s.
1266 3844 1282 3896 l.

169 3989 202 4025 m.
225 3966 329 4037 1?)0
387 3924 699 4039 412,ἰιιφιί(1’(σονν.ιιι.
718 3962 802 4029 2)R‚
821 3959 1150 4032 oneroneotrainqnitb=
1193 3956 1275 4011 susti·

172 4063 264 4113 nentes
282 4055 337 4109 RB
389 4055 426 4124 et]
444 4068 503 4108 eece
524 4051 590 4108 OGd
625 4051 677 4106 >13
695 4050 791 4124 caritas
808 4049 897 4120 inquit
912 4047 984 4104 RBo
1041 4045 1213 4118 magnanima
1229 4043 1284 4100 RB

174 4147 210 4201 ln
226 4145 345 4210 inomnia
360 4142 387 4196 B
469 4142 503 4198 20
519 4138 829 4197 Petro-‘'-eommunieare
847 4154 896 4193 om.
917 4136 943 4192 G
960 4130 1104 4204 (lammam
1120 4151 1154 4188 m.
1174 4135 1193 4186 3
1210 4147 1285 4188 enses

173 4229 246 4285 metr.
262 4228 454 4297 indicauit),b
507 4228 541 4282 23
559 4229 661 4298 patrem
679 4243 753 4280 sunm
774 4225 820 4295 qni
832 4224 901 4280 RB.
984 4254 985 4259 κ
