3044 4656
200 303 264 367 176
541 300 567 354 S.
595 299 731 370 Optati
753 300 984 354 Mileuitani

202 493 303 556 luerat
330 493 367 557 de
396 495 519 558 nomine
547 493 664 558 Christi
691 492 877 572 coniectum,
908 511 995 558 more
1021 511 1211 571 muscarum,
1239 513 1315 577 quae

200 601 369 679 pereuntes
398 599 611 663 exterminant.
647 598 719 680 quia
749 617 833 663 mors
866 602 915 663 est
945 599 1120 681 peccatum,
1147 599 1232 681 quod
1258 618 1317 664 non

198 703 297 768 'habet
318 703 555 788 indulgentiam.
592 704 743 786 scriptum
771 705 830 781 cst,
859 703 931 784 quia
958 703 1020 785 qui
1046 705 1262 786 peccauerit
1282 705 1320 772 in

205 809 378 891 spiritum
413 811 594 882 sanctum,
627 828 696 874 non
727 810 943 874 remittetur
980 809 1013 873 ei
1044 828 1160 892 noque
1187 809 1223 873 in
1250 811 1319 876 hoo

197 914 353 978 saeculo
381 933 497 996 neque
524 914 560 978 in
588 914 725 981 futuro.
762 935 835 999 ergo
859 933 930 986 cum
954 918 986 979 et
1007 914 1086 980 falso
1110 936 1166 981 nos
1192 935 1318 981 muscas
1351 939 1363 978 a

203 1020 366 1102 appelletis
390 1023 421 1084 et
444 1020 556 1097 omnia,
580 1039 659 1102 quae
683 1039 700 1084 a
722 1021 813 1086 nobis
835 1021 924 1099 fiunt,
948 1021 1120 1087 dissoluere
1146 1023 1318 1105 properetis

197 1127 234 1188 et
256 1144 312 1189 nos
336 1126 577 1191 contemnendos
600 1130 655 1191 aut
678 1125 893 1209 despiciendos
916 1146 985 1192 esse
1004 1127 1114 1192 dicatis
1132 1127 1223 1192 uobis
1242 1129 1317 1192 solis

199 1230 400 1295 sanctitatem
431 1231 635 1305 uindicantes,
666 1232 876 1297 innocentiam
906 1233 1078 1315 proponitis
1105 1236 1252 1309 uestram,
1281 1237 1318 1295 ut

202 1336 392 1418 promittatis
414 1355 472 1402 uos
496 1338 597 1401 aliena
617 1357 710 1420 posse
733 1338 845 1402 donam
866 1340 1003 1420 peccata.
1026 1337 1115 1401 uides
1135 1336 1233 1418 igitur
1254 1355 1314 1401 non

203 1442 240 1505 de
272 1442 371 1519 nobis,
404 1445 440 1506 ut
471 1443 649 1524 disputatis,
682 1443 737 1507 sed
768 1442 805 1507 de
836 1443 926 1507 uobis
959 1442 1071 1506 dixisse
1097 1440 1313 1505 beatissimum
1334 1466 1357 1504 ιο

204 1549 337 1611 Paulum
380 1549 570 1631 apostolum:
612 1552 732 1626 erunt,
773 1548 887 1629 inquit,
928 1533 1093 1612 homines
1135 1564 1172 1611 se
1212 1546 1314 1628 ipsos

203 1659 377 1727 amantes,
402 1654 538 1737 cupidi,
562 1656 768 1738 gloriantes
797 1653 887 1732 sibi,
908 1654 1069 1736 superbi,
1095 1653 1316 1736 blasphemi,

203 1760 421 1840 parentibus
449 1780 518 1825 non
547 1761 797 1838 oboedientes,
825 1760 976 1843 ingrati,
1005 1761 1170 1836 scelesti,
1193 1778 1317 1844 pacem

203 1883 271 1928 non
295 1866 564 1944 custodientes,
593 1867 671 1932 sine
699 1865 859 1944 adiectu,
888 1866 1130 1944 detractores,
1156 1867 1318 1945 inmites,

204 1972 281 2037 sine
304 1972 548 2055 benignitate,
573 1976 605 2038 et
627 1976 738 2038 cetera.
1293 2061 1295 2063 ι
1337 1996 1363 2034 1⁵

247 2078 279 2142 b.
301 2078 383 2142 Nam
405 2078 485 2143 illud
508 2080 599 2161 quale
623 2081 681 2156 est,
700 2080 783 2161 quod
805 2100 860 2164 pro
884 2081 1009 2145 arbitrio
1031 2082 1086 2143 tuo
1104 2081 1206 2162 Moysi
1228 2082 1319 2147 uobis

197 2185 348 2267 inponere
366 2185 496 2250 uoluisti
514 2205 688 2268 personam,
709 2191 815 2253 contra
832 2207 924 2270 quem
942 2187 1079 2250 lamnam
1098 2188 1130 2248 et
1146 2186 1318 2250 Mambrem

205 2290 365 2355 obstitisse
398 2296 620 2371 commemorat
655 2288 830 2375 apostolus
847 2291 974 2355 Paulus.
1015 2289 1042 2353 si
1072 2290 1118 2352 ita
1149 2283 1206 2369 e'st,
1238 2311 1318 2373 quae

203 2394 284 2476 apud
312 2415 369 2459 uos
397 2397 514 2462 ueritas
541 2397 674 2462 inueniri
705 2400 820 2479 potest,
853 2394 903 2460 oui
935 2393 1088 2458 catholica
1114 2395 1240 2460 uidetur
1266 2397 1318 2461 ob·

202 2499 322 2576 sistere,
342 2503 396 2564 aut
414 2503 498 2583 quod
517 2504 598 2586 apud
616 2520 672 2565 nos
692 2520 761 2565 esse
779 2498 974 2561 mendacium
992 2499 1109 2581 poteris
1128 2501 1358 2584 adprobaretur

195 2605 231 2667 in
264 2624 326 2668 una
357 2608 572 2673 communione
605 2624 673 2669 esse
701 2622 772 2665 eum
798 2605 865 2667 toto
894 2605 967 2668 orbe
993 2607 1143 2672 terrarum
1166 2609 1323 2690 numquid

200 2710 316 2792 poteris
345 2712 512 2795 adprobare
538 2706 755 2774 mendacium?
788 2708 963 2791 symbolum
994 2729 1104 2774 uerum
1132 2715 1164 2776 et
1189 2714 1316 2778 unicum

200 2817 330 2880 retinere
354 2822 385 2882 et
408 2817 569 2881 defendere
591 2812 745 2894 numquid
767 2814 883 2897 poteris
907 2815 1315 2898 adprobaremendacium?

102 2978 104 2981 ,
201 2923 377 3008 cathedram
395 2921 480 2987 Petri
502 2923 534 2984 et
555 2918 660 2981 claues
679 2921 768 3004 regni
785 2922 940 2986 caelorum
960 2921 1120 2988 adhristo
1139 2941 1313 3004 concessas,

286 3130 416 3184 onaan.
435 3128 477 3191 12,
496 3128 530 3182 aa
602 3128 633 3182 11
652 3128 681 3182 11
698 3129 765 3184 nrm.
783 3130 809 3191 a,
828 3130 844 3182 2
863 3130 920 3184 aa
993 3132 1025 3184 17
1044 3131 1089 3184 ce.
1108 3131 1137 3186 11
1154 3127 1220 3194 arm.
1239 3132 1264 3194 a,
1283 3134 1312 3197 8;

200 3217 279 3271 axau.
299 3221 323 3282 r,
343 3220 373 3272 11

236 3343 340 3413 lurore
359 3343 423 3409 (aio)
440 3339 469 3395 R
522 3341 685 3413 tpcrientis
701 3340 738 3404 Β,
755 3340 888 3409 parientes
906 3342 934 3394 Β
1003 3341 1178 3396 exterminant
1195 3359 1245 3398 om.
1258 3345 1314 3400 ΒΒ

198 3430 215 3482 3
234 3430 296 3497 qnia
313 3431 440 3500 scriptum
459 3432 500 3484 est
519 3431 565 3501 qni
582 3431 637 3486 ΒΒ
723 3427 849 3496 scriptum
868 3429 971 3482 est—in
988 3427 1077 3481 futuro
1096 3444 1128 3483 aa
1145 3434 1266 3502 marpissa
1282 3434 1313 3488 ia

200 3523 300 3572 tectam
317 3519 454 3588 irrepsisse
467 3519 585 3574 Oasaab.
605 3519 670 3573 dicit
721 3519 740 3571 4
757 3515 791 3585 ei]
809 3516 850 3571 illi
861 3517 916 3573 RB
985 3533 1034 3571 nec
1050 3516 1093 3571 hio
1109 3535 1158 3572 nac
1177 3520 1204 3573 in
1222 3520 1311 3576 futuro

199 3629 668 3701 soculoCGb(aedcfr.p.l25,
694 3611 739 3699 15)
795 3628 975 3713 dproperatia
992 3630 1047 3686 ΒΒ
1108 3602 1311 3705 7<1εερὶοίθιιᾱοΙ

194 3731 225 3800 (s
243 3733 264 3772 a.
278 3717 295 3770 1.
309 3732 342 3769 m.
356 3721 384 3784 2)
401 3718 427 3772 G
478 3719 670 3775 8uestrumG
724 3716 841 3789 9uides]
860 3719 1029 3776 uidetisedd.
1098 3720 1243 3791 igiturom.
1256 3722 1310 3779 RB

199 3824 252 3860 non
272 3804 315 3869 (ia
332 3803 448 3904 som}
502 3807 535 3861 10
553 3805 695 3876 disputasti
707 3805 763 3861 RB
830 3806 1013 3862 beatissimum
1030 3811 1115 3878 apost.
1132 3809 1242 3863 Paulum
1255 3808 1308 3864 ΒΒ

200 3921 231 3974 11
251 3916 346 3986 inquid
369 3919 449 3983 (corr.
471 3937 504 3974 m.
529 3922 560 3987 Β)
583 3917 633 3974 ΒΟ
719 3919 830 3975 lisina
857 3920 1006 4007 adiectione
1029 3922 1178 3986 (affectione
1199 3921 1236 3989 B)
1254 3921 1307 3977 RB

199 4008 232 4061 16
260 4023 322 4060 nam
348 4007 377 4059 et
402 4005 511 4060 illndd
579 4022 625 4078 pro
650 4023 700 4062 om.
725 4009 753 4061 Β
821 4010 906 4079 moysi
932 4010 961 4078 (y
987 4027 1052 4066 coar.
1079 4012 1110 4065 ia
1133 4013 1143 4064 i
1166 4027 1199 4065 m.
1226 4013 1309 4076 210

199 4095 233 4147 17
251 4095 357 4148 iannem
375 4092 402 4146 B
456 4095 515 4148 ,20
533 4111 590 4150 esse
607 4110 657 4151 om.
675 4095 730 4151 RB
804 4097 837 4151 22
856 4098 879 4151 da
896 4097 929 4150 23
947 4098 1113 4166 poteritisG
1182 4096 1215 4149 22
1232 4113 1306 4152 men-

195 4181 290 4236 ·daccm
307 4183 362 4238 ΒΒ
