<?xml version="1.0" encoding="UTF-8"?>
<!DOCTYPE html PUBLIC "-//W3C//DTD XHTML 1.0 Transitional//EN"
    "http://www.w3.org/TR/xhtml1/DTD/xhtml1-transitional.dtd">
<html xmlns="http://www.w3.org/1999/xhtml" xml:lang="en" lang="en">
 <head>
  <title>
</title>
<meta http-equiv="Content-Type" content="text/html;charset=utf-8" />
  <meta name='ocr-system' content='tesseract 3.04.00' />
  <meta name='ocr-capabilities' content='ocr_page ocr_carea ocr_par ocr_line ocrx_word'/>
</head>
<body>
  <div class='ocr_page' id='page_1' title='image "./soptatimilevita00ziwsgoog_0045.png"; bbox 0 0 3044 4656; ppageno 0'>
   <div class='ocr_carea' id='block_1_1' title="bbox 195 312 867 394">
    <p class='ocr_par' dir='ltr' id='par_1_1' title="bbox 195 312 867 394">
     <span class='ocr_line' id='line_1_1' title="bbox 195 312 867 394; baseline -0.003 -26"><span class='ocrx_word' id='word_1_1' title='bbox 195 327 330 394; x_wconf 74' lang='lat' dir='ltr'>XXXVI</span> <span class='ocrx_word' id='word_1_2' title='bbox 655 312 867 369; x_wconf 78' lang='lat' dir='ltr'>Praelatio.</span> 
     </span>
    </p>
   </div>
   <div class='ocr_carea' id='block_1_2' title="bbox 194 505 1408 4260">
    <p class='ocr_par' dir='ltr' id='par_1_2' title="bbox 194 505 1408 3631">
     <span class='ocr_line' id='line_1_2' title="bbox 198 505 1321 594; baseline -0.01 -9"><span class='ocrx_word' id='word_1_3' title='bbox 198 517 362 584; x_wconf 72' lang='lat' dir='ltr'>Rememm</span> <span class='ocrx_word' id='word_1_4' title='bbox 395 513 575 594; x_wconf 86' lang='lat' dir='ltr'>scripturas,</span> <span class='ocrx_word' id='word_1_5' title='bbox 607 524 684 588; x_wconf 84' lang='lat' dir='ltr'>quaa</span> <span class='ocrx_word' id='word_1_6' title='bbox 716 505 838 571; x_wconf 91' lang='lat' dir='ltr'>uncinis</span> <span class='ocrx_word' id='word_1_7' title='bbox 871 505 994 584; x_wconf 89' lang='lat' dir='ltr'>inclusi,</span> <span class='ocrx_word' id='word_1_8' title='bbox 1042 512 1228 578; x_wconf 89' lang='lat' dir='ltr'>concordare</span> <span class='ocrx_word' id='word_1_9' title='bbox 1262 529 1321 576; x_wconf 91' lang='lat' dir='ltr'>non</span> 
     </span>
     <span class='ocr_line' id='line_1_3' title="bbox 198 611 1323 706; baseline -0.007 -19"><span class='ocrx_word' id='word_1_10' title='bbox 198 619 373 706; x_wconf 81' lang='lat' dir='ltr'>negandum</span> <span class='ocrx_word' id='word_1_11' title='bbox 405 619 464 691; x_wconf 90' lang='lat' dir='ltr'>est,</span> <span class='ocrx_word' id='word_1_12' title='bbox 491 616 597 678; x_wconf 90' lang='lat' dir='ltr'>tamen</span> <span class='ocrx_word' id='word_1_13' title='bbox 629 611 662 675; x_wconf 92' lang='lat' dir='ltr'>hi</span> <span class='ocrx_word' id='word_1_14' title='bbox 693 613 755 677; x_wconf 93' lang='lat' dir='ltr'>loci</span> <span class='ocrx_word' id='word_1_15' title='bbox 782 631 910 677; x_wconf 88' lang='lat' dir='ltr'>numero</span> <span class='ocrx_word' id='word_1_16' title='bbox 947 612 1030 675; x_wconf 89' lang='lat' dir='ltr'>hand</span> <span class='ocrx_word' id='word_1_17' title='bbox 1065 613 1227 682; x_wconf 80' lang='lat' dir='ltr'>inferiores</span> <span class='ocrx_word' id='word_1_18' title='bbox 1263 636 1323 681; x_wconf 92' lang='lat' dir='ltr'>non</span> 
     </span>
     <span class='ocr_line' id='line_1_4' title="bbox 200 716 1327 800; baseline -0.004 -9"><span class='ocrx_word' id='word_1_19' title='bbox 200 746 268 791; x_wconf 92' lang='lat' dir='ltr'>eam</span> <span class='ocrx_word' id='word_1_20' title='bbox 295 724 360 788; x_wconf 91' lang='lat' dir='ltr'>nim</span> <span class='ocrx_word' id='word_1_21' title='bbox 387 721 502 784; x_wconf 85' lang='lat' dir='ltr'>babere</span> <span class='ocrx_word' id='word_1_22' title='bbox 533 718 690 796; x_wconf 89' lang='lat' dir='ltr'>uidentur,</span> <span class='ocrx_word' id='word_1_23' title='bbox 723 722 760 783; x_wconf 89' lang='lat' dir='ltr'>ut</span> <span class='ocrx_word' id='word_1_24' title='bbox 795 716 914 800; x_wconf 89' lang='lat' dir='ltr'>aliquid</span> <span class='ocrx_word' id='word_1_25' title='bbox 950 716 1065 780; x_wconf 87' lang='lat' dir='ltr'>addant</span> <span class='ocrx_word' id='word_1_26' title='bbox 1099 719 1183 785; x_wconf 88' lang='lat' dir='ltr'>lanci</span> <span class='ocrx_word' id='word_1_27' title='bbox 1219 725 1327 787; x_wconf 86' lang='lat' dir='ltr'>contra</span> 
     </span>
     <span class='ocr_line' id='line_1_5' title="bbox 200 822 1323 907; baseline -0.004 -11"><span class='ocrx_word' id='word_1_28' title='bbox 200 831 380 896; x_wconf 86' lang='lat' dir='ltr'>affinitatem</span> <span class='ocrx_word' id='word_1_29' title='bbox 398 823 487 889; x_wconf 90' lang='lat' dir='ltr'>illam</span> <span class='ocrx_word' id='word_1_30' title='bbox 504 823 650 907; x_wconf 85' lang='lat' dir='ltr'>positam,</span> <span class='ocrx_word' id='word_1_31' title='bbox 675 842 754 904; x_wconf 89' lang='lat' dir='ltr'>quae</span> <span class='ocrx_word' id='word_1_32' title='bbox 772 823 937 888; x_wconf 73' lang='lat' dir='ltr'><strong>intercedit</strong></span> <span class='ocrx_word' id='word_1_33' title='bbox 953 822 1034 887; x_wconf 88' lang='lat' dir='ltr'>inter</span> <span class='ocrx_word' id='word_1_34' title='bbox 1051 824 1076 886; x_wconf 90' lang='lat' dir='ltr'>P</span> <span class='ocrx_word' id='word_1_35' title='bbox 1096 827 1128 888; x_wconf 93' lang='grc'>50</span> <span class='ocrx_word' id='word_1_36' title='bbox 1145 825 1184 891; x_wconf 84' lang='grc'>0.</span> <span class='ocrx_word' id='word_1_37' title='bbox 1208 827 1323 890; x_wconf 89' lang='lat' dir='ltr'>etenim</span> 
     </span>
     <span class='ocr_line' id='line_1_6' title="bbox 199 925 1323 1019; baseline -0.004 -20"><span class='ocrx_word' id='word_1_38' title='bbox 199 938 291 1019; x_wconf 81' lang='lat' dir='ltr'>longe</span> <span class='ocrx_word' id='word_1_39' title='bbox 312 927 482 994; x_wconf 80' lang='lat' dir='ltr'>maximum</span> <span class='ocrx_word' id='word_1_40' title='bbox 503 947 670 991; x_wconf 90' lang='lat' dir='ltr'>numerum</span> <span class='ocrx_word' id='word_1_41' title='bbox 693 928 834 993; x_wconf 85' lang='lat' dir='ltr'>efficiunt</span> <span class='ocrx_word' id='word_1_42' title='bbox 856 927 951 993; x_wconf 88' lang='lat' dir='ltr'>uerba</span> <span class='ocrx_word' id='word_1_43' title='bbox 972 927 1005 990; x_wconf 93' lang='lat' dir='ltr'>in</span> <span class='ocrx_word' id='word_1_44' title='bbox 1028 925 1057 990; x_wconf 96' lang='lat' dir='ltr'><strong>G</strong></span> <span class='ocrx_word' id='word_1_45' title='bbox 1080 927 1195 1007; x_wconf 86' lang='lat' dir='ltr'>addita,</span> <span class='ocrx_word' id='word_1_46' title='bbox 1219 930 1250 993; x_wconf 92' lang='lat' dir='ltr'>in</span> <span class='ocrx_word' id='word_1_47' title='bbox 1273 931 1323 996; x_wconf 88' lang='lat' dir='ltr'>his</span> 
     </span>
     <span class='ocr_line' id='line_1_7' title="bbox 199 1030 1326 1118; baseline -0.003 -17"><span class='ocrx_word' id='word_1_48' title='bbox 199 1035 380 1118; x_wconf 82' lang='lat' dir='ltr'>saepissime</span> <span class='ocrx_word' id='word_1_49' title='bbox 395 1030 477 1095; x_wconf 88' lang='lat' dir='ltr'>illud</span> <span class='ocrx_word' id='word_1_50' title='bbox 494 1036 532 1106; x_wconf 82' lang='grc'>50,</span> <span class='ocrx_word' id='word_1_51' title='bbox 551 1034 605 1096; x_wconf 93' lang='lat' dir='ltr'>uel</span> <span class='ocrx_word' id='word_1_52' title='bbox 622 1032 821 1114; x_wconf 88' lang='lat' dir='ltr'>transposita,</span> <span class='ocrx_word' id='word_1_53' title='bbox 841 1035 872 1094; x_wconf 90' lang='lat' dir='ltr'>et</span> <span class='ocrx_word' id='word_1_54' title='bbox 900 1050 977 1113; x_wconf 86' lang='lat' dir='ltr'>quae</span> <span class='ocrx_word' id='word_1_55' title='bbox 997 1030 1135 1112; x_wconf 89' lang='lat' dir='ltr'>alioquin</span> <span class='ocrx_word' id='word_1_56' title='bbox 1154 1033 1326 1098; x_wconf 86' lang='lat' dir='ltr'>offeruntur</span> 
     </span>
     <span class='ocr_line' id='line_1_8' title="bbox 200 1134 1323 1220; baseline -0.004 -15"><span class='ocrx_word' id='word_1_57' title='bbox 200 1134 434 1220; x_wconf 87' lang='lat' dir='ltr'>discrepantiae,</span> <span class='ocrx_word' id='word_1_58' title='bbox 464 1136 504 1200; x_wconf 92' lang='lat' dir='ltr'>ad</span> <span class='ocrx_word' id='word_1_59' title='bbox 531 1138 693 1201; x_wconf 86' lang='lat' dir='ltr'>oculorum</span> <span class='ocrx_word' id='word_1_60' title='bbox 721 1154 837 1200; x_wconf 88' lang='lat' dir='ltr'>errores</span> <span class='ocrx_word' id='word_1_61' title='bbox 865 1136 971 1200; x_wconf 89' lang='lat' dir='ltr'>referri</span> <span class='ocrx_word' id='word_1_62' title='bbox 998 1138 1132 1218; x_wconf 83' lang='lat' dir='ltr'>possunt</span> <span class='ocrx_word' id='word_1_63' title='bbox 1154 1141 1209 1199; x_wconf 92' lang='lat' dir='ltr'>aut</span> <span class='ocrx_word' id='word_1_64' title='bbox 1230 1137 1323 1201; x_wconf 87' lang='lat' dir='ltr'>inter·</span> 
     </span>
     <span class='ocr_line' id='line_1_9' title="bbox 197 1236 1320 1324; baseline -0.004 -20"><span class='ocrx_word' id='word_1_65' title='bbox 197 1238 345 1324; x_wconf 88' lang='lat' dir='ltr'>polatoris</span> <span class='ocrx_word' id='word_1_66' title='bbox 363 1236 449 1302; x_wconf 85' lang='lat' dir='ltr'>haud</span> <span class='ocrx_word' id='word_1_67' title='bbox 471 1239 591 1306; x_wconf 90' lang='lat' dir='ltr'>indocti</span> <span class='ocrx_word' id='word_1_68' title='bbox 608 1239 744 1323; x_wconf 91' lang='lat' dir='ltr'>produnt</span> <span class='ocrx_word' id='word_1_69' title='bbox 762 1258 898 1321; x_wconf 88' lang='lat' dir='ltr'>operam,</span> <span class='ocrx_word' id='word_1_70' title='bbox 922 1239 975 1321; x_wconf 89' lang='lat' dir='ltr'>qui</span> <span class='ocrx_word' id='word_1_71' title='bbox 994 1259 1029 1303; x_wconf 85' lang='lat' dir='ltr'>ex</span> <span class='ocrx_word' id='word_1_72' title='bbox 1053 1239 1206 1318; x_wconf 88' lang='lat' dir='ltr'>scriptura</span> <span class='ocrx_word' id='word_1_73' title='bbox 1223 1257 1320 1314; x_wconf 89' lang='lat' dir='ltr'>sacra,</span> 
     </span>
     <span class='ocr_line' id='line_1_10' title="bbox 201 1339 1320 1425; baseline -0.008 -15"><span class='ocrx_word' id='word_1_74' title='bbox 201 1366 236 1411; x_wconf 85' lang='lat' dir='ltr'>ex</span> <span class='ocrx_word' id='word_1_75' title='bbox 257 1342 495 1408; x_wconf 80' lang='lat' dir='ltr'>Donatistarum</span> <span class='ocrx_word' id='word_1_76' title='bbox 518 1345 618 1423; x_wconf 83' lang='lat' dir='ltr'>Actis,</span> <span class='ocrx_word' id='word_1_77' title='bbox 643 1364 678 1408; x_wconf 84' lang='lat' dir='ltr'>en</span> <span class='ocrx_word' id='word_1_78' title='bbox 701 1341 808 1425; x_wconf 87' lang='lat' dir='ltr'>Optati</span> <span class='ocrx_word' id='word_1_79' title='bbox 829 1342 930 1425; x_wconf 89' lang='lat' dir='ltr'>ipsius</span> <span class='ocrx_word' id='word_1_80' title='bbox 952 1343 1057 1407; x_wconf 89' lang='lat' dir='ltr'>uerbis</span> <span class='ocrx_word' id='word_1_81' title='bbox 1079 1339 1234 1405; x_wconf 81' lang='lat' dir='ltr'>intrudere</span> <span class='ocrx_word' id='word_1_82' title='bbox 1260 1357 1320 1402; x_wconf 91' lang='lat' dir='ltr'>non</span> 
     </span>
     <span class='ocr_line' id='line_1_11' title="bbox 197 1443 1321 1533; baseline -0.004 -20"><span class='ocrx_word' id='word_1_83' title='bbox 197 1447 364 1525; x_wconf 91' lang='lat' dir='ltr'>dubitauit,</span> <span class='ocrx_word' id='word_1_84' title='bbox 389 1466 468 1528; x_wconf 89' lang='lat' dir='ltr'>quas</span> <span class='ocrx_word' id='word_1_85' title='bbox 490 1449 552 1533; x_wconf 90' lang='lat' dir='ltr'>ipsi</span> <span class='ocrx_word' id='word_1_86' title='bbox 579 1449 759 1513; x_wconf 87' lang='lat' dir='ltr'>uiderentur</span> <span class='ocrx_word' id='word_1_87' title='bbox 787 1447 936 1514; x_wconf 85' lang='lat' dir='ltr'>addenda.</span> <span class='ocrx_word' id='word_1_88' title='bbox 965 1450 1057 1528; x_wconf 88' lang='lat' dir='ltr'>atque</span> <span class='ocrx_word' id='word_1_89' title='bbox 1085 1445 1112 1510; x_wconf 90' lang='lat' dir='ltr'>si</span> <span class='ocrx_word' id='word_1_90' title='bbox 1140 1443 1321 1528; x_wconf 84' lang='lat' dir='ltr'>diligentius</span> 
     </span>
     <span class='ocr_line' id='line_1_12' title="bbox 197 1549 1408 1638; baseline -0.003 -18"><span class='ocrx_word' id='word_1_91' title='bbox 197 1554 329 1633; x_wconf 88' lang='lat' dir='ltr'>rimeris,</span> <span class='ocrx_word' id='word_1_92' title='bbox 361 1555 476 1638; x_wconf 90' lang='lat' dir='ltr'>quibus</span> <span class='ocrx_word' id='word_1_93' title='bbox 503 1555 535 1619; x_wconf 92' lang='lat' dir='ltr'>in</span> <span class='ocrx_word' id='word_1_94' title='bbox 566 1554 645 1620; x_wconf 89' lang='lat' dir='ltr'>locis</span> <span class='ocrx_word' id='word_1_95' title='bbox 676 1553 757 1617; x_wconf 90' lang='lat' dir='ltr'>inter</span> <span class='ocrx_word' id='word_1_96' title='bbox 788 1573 822 1618; x_wconf 92' lang='grc'>55</span> <span class='ocrx_word' id='word_1_97' title='bbox 854 1552 1029 1635; x_wconf 78' lang='lat' dir='ltr'>discrepent</span> <span class='ocrx_word' id='word_1_98' title='bbox 1059 1549 1153 1628; x_wconf 91' lang='lat' dir='ltr'>PRG,</span> <span class='ocrx_word' id='word_1_99' title='bbox 1182 1551 1321 1634; x_wconf 85' lang='lat' dir='ltr'>profecto</span> <span class='ocrx_word' id='word_1_100' title='bbox 1407 1618 1408 1622; x_wconf 63' lang='grc'>,</span> 
     </span>
     <span class='ocr_line' id='line_1_13' title="bbox 198 1657 1322 1740; baseline -0.005 -13"><span class='ocrx_word' id='word_1_101' title='bbox 198 1663 298 1728; x_wconf 87' lang='lat' dir='ltr'>multo</span> <span class='ocrx_word' id='word_1_102' title='bbox 322 1661 435 1727; x_wconf 88' lang='lat' dir='ltr'>artiora</span> <span class='ocrx_word' id='word_1_103' title='bbox 457 1660 618 1727; x_wconf 85' lang='lat' dir='ltr'>affinitatis</span> <span class='ocrx_word' id='word_1_104' title='bbox 635 1657 762 1722; x_wconf 90' lang='lat' dir='ltr'>uincula</span> <span class='ocrx_word' id='word_1_105' title='bbox 783 1657 968 1739; x_wconf 82' lang='lat' dir='ltr'>indagantur</span> <span class='ocrx_word' id='word_1_106' title='bbox 988 1657 1110 1722; x_wconf 89' lang='lat' dir='ltr'>interP</span> <span class='ocrx_word' id='word_1_107' title='bbox 1130 1659 1162 1722; x_wconf 89' lang='lat' dir='ltr'>et</span> <span class='ocrx_word' id='word_1_108' title='bbox 1180 1657 1218 1736; x_wconf 93' lang='lat' dir='ltr'>G,</span> <span class='ocrx_word' id='word_1_109' title='bbox 1239 1659 1322 1740; x_wconf 92' lang='lat' dir='ltr'>quod</span> 
     </span>
     <span class='ocr_line' id='line_1_14' title="bbox 199 1757 1324 1856; baseline -0.007 -22"><span class='ocrx_word' id='word_1_110' title='bbox 199 1771 340 1856; x_wconf 89' lang='lat' dir='ltr'>inprimis</span> <span class='ocrx_word' id='word_1_111' title='bbox 363 1789 399 1834; x_wconf 86' lang='lat' dir='ltr'>ex</span> <span class='ocrx_word' id='word_1_112' title='bbox 420 1768 542 1833; x_wconf 90' lang='lat' dir='ltr'>mendis</span> <span class='ocrx_word' id='word_1_113' title='bbox 561 1761 805 1845; x_wconf 82' lang='lat' dir='ltr'>corruptelisqne</span> <span class='ocrx_word' id='word_1_114' title='bbox 825 1763 932 1847; x_wconf 80' lang='lat' dir='ltr'>colligi</span> <span class='ocrx_word' id='word_1_115' title='bbox 950 1767 1056 1847; x_wconf 90' lang='lat' dir='ltr'>postet</span> <span class='ocrx_word' id='word_1_116' title='bbox 1077 1765 1181 1831; x_wconf 88' lang='lat' dir='ltr'>uelut:</span> <span class='ocrx_word' id='word_1_117' title='bbox 1205 1766 1239 1828; x_wconf 85' lang='lat' dir='ltr'>a&#39;o</span> <span class='ocrx_word' id='word_1_118' title='bbox 1261 1757 1324 1847; x_wconf 71' lang='grc'>7595</span> 
     </span>
     <span class='ocr_line' id='line_1_15' title="bbox 200 1866 1320 1961; baseline -0.009 -20"><span class='ocrx_word' id='word_1_119' title='bbox 200 1877 354 1961; x_wconf 67' lang='lat' dir='ltr'>simpulsare</span> <span class='ocrx_word' id='word_1_120' title='bbox 379 1877 429 1950; x_wconf 85' lang='lat'>13,</span> <span class='ocrx_word' id='word_1_121' title='bbox 454 1877 509 1950; x_wconf 85' lang='lat'>20;</span> <span class='ocrx_word' id='word_1_122' title='bbox 530 1871 650 1953; x_wconf 71' lang='lat' dir='ltr'>prototo</span> <span class='ocrx_word' id='word_1_123' title='bbox 664 1866 708 1954; x_wconf 84' lang='lat' dir='ltr'>(e)</span> <span class='ocrx_word' id='word_1_124' title='bbox 732 1868 995 1947; x_wconf 75' lang='grc'>1515551523,19;</span> <span class='ocrx_word' id='word_1_125' title='bbox 1018 1870 1094 1935; x_wconf 80' lang='lat' dir='ltr'>libro</span> <span class='ocrx_word' id='word_1_126' title='bbox 1115 1868 1248 1956; x_wconf 73' lang='lat' dir='ltr'>(libello)</span> <span class='ocrx_word' id='word_1_127' title='bbox 1269 1869 1320 1942; x_wconf 98' lang='grc'>26,</span> 
     </span>
     <span class='ocr_line' id='line_1_16' title="bbox 202 1971 1321 2059; baseline -0.001 -20"><span class='ocrx_word' id='word_1_128' title='bbox 202 1985 237 2056; x_wconf 79' lang='grc'>6·;</span> <span class='ocrx_word' id='word_1_129' title='bbox 259 1976 508 2059; x_wconf 65' lang='lat' dir='ltr'>suprascribtas</span> <span class='ocrx_word' id='word_1_130' title='bbox 530 1971 682 2058; x_wconf 82' lang='lat' dir='ltr'>(scriptis)</span> <span class='ocrx_word' id='word_1_131' title='bbox 706 1977 758 2051; x_wconf 85' lang='lat'>42,</span> <span class='ocrx_word' id='word_1_132' title='bbox 780 1977 835 2050; x_wconf 80' lang='lat'>183</span> <span class='ocrx_word' id='word_1_133' title='bbox 859 1980 988 2040; x_wconf 77' lang='lat' dir='ltr'>mactus</span> <span class='ocrx_word' id='word_1_134' title='bbox 1005 1973 1173 2059; x_wconf 79' lang='lat' dir='ltr'>(tornatus)</span> <span class='ocrx_word' id='word_1_135' title='bbox 1192 1977 1244 2050; x_wconf 95' lang='lat'>44,</span> <span class='ocrx_word' id='word_1_136' title='bbox 1265 1976 1321 2048; x_wconf 65' lang='grc'>17’;</span> 
     </span>
     <span class='ocr_line' id='line_1_17' title="bbox 201 2078 1323 2168; baseline -0.008 -17"><span class='ocrx_word' id='word_1_137' title='bbox 201 2087 236 2150; x_wconf 78' lang='lat' dir='ltr'>irc</span> <span class='ocrx_word' id='word_1_138' title='bbox 267 2087 328 2150; x_wconf 82' lang='lat' dir='ltr'>cota</span> <span class='ocrx_word' id='word_1_139' title='bbox 355 2081 452 2168; x_wconf 88' lang='lat' dir='ltr'>(cute)</span> <span class='ocrx_word' id='word_1_140' title='bbox 480 2079 607 2144; x_wconf 75' lang='lat' dir='ltr'>acuistis</span> <span class='ocrx_word' id='word_1_141' title='bbox 635 2078 1074 2163; x_wconf 78' lang='lat' dir='ltr'>63,10.praeterlocosin</span> <span class='ocrx_word' id='word_1_142' title='bbox 1103 2080 1131 2143; x_wconf 87' lang='lat' dir='ltr'><strong>R</strong></span> <span class='ocrx_word' id='word_1_143' title='bbox 1156 2080 1323 2154; x_wconf 83' lang='lat' dir='ltr'>lacunosos</span> 
     </span>
     <span class='ocr_line' id='line_1_18' title="bbox 202 2182 1320 2274; baseline -0.007 -21"><span class='ocrx_word' id='word_1_144' title='bbox 202 2191 268 2274; x_wconf 83' lang='lat'>(27,</span> <span class='ocrx_word' id='word_1_145' title='bbox 288 2189 349 2263; x_wconf 87' lang='grc'>20;.</span> <span class='ocrx_word' id='word_1_146' title='bbox 365 2186 416 2262; x_wconf 90' lang='grc'>50,</span> <span class='ocrx_word' id='word_1_147' title='bbox 441 2187 475 2258; x_wconf 85' lang='grc'>7;</span> <span class='ocrx_word' id='word_1_148' title='bbox 500 2184 552 2262; x_wconf 83' lang='grc'>50,</span> <span class='ocrx_word' id='word_1_149' title='bbox 582 2189 616 2263; x_wconf 88' lang='grc'>5;</span> <span class='ocrx_word' id='word_1_150' title='bbox 641 2187 693 2262; x_wconf 89' lang='grc'>61,</span> <span class='ocrx_word' id='word_1_151' title='bbox 718 2188 773 2261; x_wconf 76' lang='lat'>143</span> <span class='ocrx_word' id='word_1_152' title='bbox 798 2187 850 2263; x_wconf 89' lang='grc'>64,</span> <span class='ocrx_word' id='word_1_153' title='bbox 871 2185 922 2251; x_wconf 88' lang='grc'>12.</span> <span class='ocrx_word' id='word_1_154' title='bbox 949 2183 1002 2262; x_wconf 73' lang='lat' dir='ltr'>lc)</span> <span class='ocrx_word' id='word_1_155' title='bbox 1024 2186 1102 2249; x_wconf 91' lang='lat' dir='ltr'>baec</span> <span class='ocrx_word' id='word_1_156' title='bbox 1124 2182 1196 2247; x_wconf 92' lang='lat' dir='ltr'>addi</span> <span class='ocrx_word' id='word_1_157' title='bbox 1217 2184 1320 2247; x_wconf 90' lang='lat' dir='ltr'>lubet:</span> 
     </span>
     <span class='ocr_line' id='line_1_19' title="bbox 194 2289 1321 2375; baseline -0.005 -17"><span class='ocrx_word' id='word_1_158' title='bbox 194 2291 366 2372; x_wconf 67' lang='lat' dir='ltr'>peccatores</span> <span class='ocrx_word' id='word_1_159' title='bbox 394 2291 445 2371; x_wconf 86' lang='lat' dir='ltr'>(co</span> <span class='ocrx_word' id='word_1_160' title='bbox 472 2293 632 2373; x_wconf 83' lang='lat' dir='ltr'>expunct.)</span> <span class='ocrx_word' id='word_1_161' title='bbox 663 2292 761 2354; x_wconf 78' lang='lat' dir='ltr'>uestri</span> <span class='ocrx_word' id='word_1_162' title='bbox 785 2290 941 2354; x_wconf 76' lang='lat' dir='ltr'>sumsistis</span> <span class='ocrx_word' id='word_1_163' title='bbox 963 2289 1179 2375; x_wconf 88' lang='lat' dir='ltr'>(promisistis)</span> <span class='ocrx_word' id='word_1_164' title='bbox 1206 2290 1258 2365; x_wconf 89' lang='lat'>58,</span> <span class='ocrx_word' id='word_1_165' title='bbox 1287 2291 1321 2364; x_wconf 86' lang='lat'>5;</span> 
     </span>
     <span class='ocr_line' id='line_1_20' title="bbox 198 2392 1322 2481; baseline -0.001 -23"><span class='ocrx_word' id='word_1_166' title='bbox 198 2397 280 2460; x_wconf 69' lang='lat' dir='ltr'>tuto</span> <span class='ocrx_word' id='word_1_167' title='bbox 306 2393 560 2481; x_wconf 64' lang='lat' dir='ltr'>poeaitentiam)</span> <span class='ocrx_word' id='word_1_168' title='bbox 592 2399 622 2459; x_wconf 86' lang='grc'>50</span> <span class='ocrx_word' id='word_1_169' title='bbox 643 2399 791 2459; x_wconf 73' lang='lat' dir='ltr'>martenio</span> <span class='ocrx_word' id='word_1_170' title='bbox 814 2395 865 2469; x_wconf 85' lang='lat'>58,</span> <span class='ocrx_word' id='word_1_171' title='bbox 892 2396 946 2470; x_wconf 71' lang='lat'>123</span> <span class='ocrx_word' id='word_1_172' title='bbox 980 2393 1058 2458; x_wconf 79' lang='lat' dir='ltr'>dolet</span> <span class='ocrx_word' id='word_1_173' title='bbox 1084 2392 1322 2478; x_wconf 78' lang='lat' dir='ltr'>deusiu(pe1·)</span> 
     </span>
     <span class='ocr_line' id='line_1_21' title="bbox 199 2497 1323 2585; baseline -0.002 -23"><span class='ocrx_word' id='word_1_174' title='bbox 199 2498 457 2584; x_wconf 75' lang='lat' dir='ltr'>Eccobiclo-(um)</span> <span class='ocrx_word' id='word_1_175' title='bbox 477 2502 529 2580; x_wconf 85' lang='lat'>61,</span> <span class='ocrx_word' id='word_1_176' title='bbox 550 2504 607 2577; x_wconf 71' lang='lat'>123</span> <span class='ocrx_word' id='word_1_177' title='bbox 629 2505 687 2565; x_wconf 88' lang='lat' dir='ltr'>toto</span> <span class='ocrx_word' id='word_1_178' title='bbox 705 2501 755 2563; x_wconf 75' lang='lat' dir='ltr'>dic</span> <span class='ocrx_word' id='word_1_179' title='bbox 771 2499 827 2562; x_wconf 80' lang='lat' dir='ltr'>sod</span> <span class='ocrx_word' id='word_1_180' title='bbox 844 2498 931 2563; x_wconf 68' lang='lat' dir='ltr'>octos</span> <span class='ocrx_word' id='word_1_181' title='bbox 947 2497 1031 2585; x_wconf 86' lang='lat' dir='ltr'>(uos)</span> <span class='ocrx_word' id='word_1_182' title='bbox 1051 2499 1102 2574; x_wconf 90' lang='grc'>66,</span> <span class='ocrx_word' id='word_1_183' title='bbox 1118 2500 1148 2564; x_wconf 87' lang='grc'>3.</span> <span class='ocrx_word' id='word_1_184' title='bbox 1162 2500 1323 2580; x_wconf 90' lang='lat' dir='ltr'>praeterea</span> 
     </span>
     <span class='ocr_line' id='line_1_22' title="bbox 200 2603 1322 2686; baseline -0.004 -14"><span class='ocrx_word' id='word_1_185' title='bbox 200 2606 254 2672; x_wconf 85' lang='lat' dir='ltr'>cfr.</span> <span class='ocrx_word' id='word_1_186' title='bbox 268 2606 320 2680; x_wconf 82' lang='lat'>27,</span> <span class='ocrx_word' id='word_1_187' title='bbox 335 2607 371 2682; x_wconf 90' lang='grc'>4;</span> <span class='ocrx_word' id='word_1_188' title='bbox 395 2607 518 2681; x_wconf 87' lang='grc'>30,10;</span> <span class='ocrx_word' id='word_1_189' title='bbox 542 2607 670 2682; x_wconf 84' lang='grc'>40,14;</span> <span class='ocrx_word' id='word_1_190' title='bbox 694 2606 747 2680; x_wconf 91' lang='grc'>42,</span> <span class='ocrx_word' id='word_1_191' title='bbox 772 2606 806 2680; x_wconf 88' lang='grc'>3;</span> <span class='ocrx_word' id='word_1_192' title='bbox 831 2605 882 2679; x_wconf 87' lang='grc'>52,</span> <span class='ocrx_word' id='word_1_193' title='bbox 908 2606 949 2668; x_wconf 83' lang='grc'>23</span> <span class='ocrx_word' id='word_1_194' title='bbox 973 2603 1044 2680; x_wconf 87' lang='grc'>5115,</span> <span class='ocrx_word' id='word_1_195' title='bbox 1068 2623 1146 2686; x_wconf 85' lang='lat' dir='ltr'>quae</span> <span class='ocrx_word' id='word_1_196' title='bbox 1169 2603 1322 2668; x_wconf 88' lang='lat' dir='ltr'>lectiones</span> 
     </span>
     <span class='ocr_line' id='line_1_23' title="bbox 201 2709 1321 2794; baseline -0.004 -17"><span class='ocrx_word' id='word_1_197' title='bbox 201 2730 271 2778; x_wconf 90' lang='lat' dir='ltr'>cum</span> <span class='ocrx_word' id='word_1_198' title='bbox 297 2711 460 2777; x_wconf 89' lang='lat' dir='ltr'>Remensis</span> <span class='ocrx_word' id='word_1_199' title='bbox 491 2711 652 2794; x_wconf 90' lang='lat' dir='ltr'>scripturis</span> <span class='ocrx_word' id='word_1_200' title='bbox 685 2712 879 2792; x_wconf 88' lang='lat' dir='ltr'>comparatae</span> <span class='ocrx_word' id='word_1_201' title='bbox 912 2709 1073 2775; x_wconf 87' lang='lat' dir='ltr'>affinitatis</span> <span class='ocrx_word' id='word_1_202' title='bbox 1103 2709 1191 2774; x_wconf 91' lang='lat' dir='ltr'>illius</span> <span class='ocrx_word' id='word_1_203' title='bbox 1222 2711 1321 2773; x_wconf 89' lang='lat' dir='ltr'>testes</span> 
     </span>
     <span class='ocr_line' id='line_1_24' title="bbox 199 2813 1323 2898; baseline -0.004 -18"><span class='ocrx_word' id='word_1_204' title='bbox 199 2816 284 2886; x_wconf 88' lang='lat' dir='ltr'>haud</span> <span class='ocrx_word' id='word_1_205' title='bbox 305 2815 417 2881; x_wconf 83' lang='lat' dir='ltr'>incerti</span> <span class='ocrx_word' id='word_1_206' title='bbox 439 2817 601 2882; x_wconf 85' lang='lat' dir='ltr'>exsistunt.</span> <span class='ocrx_word' id='word_1_207' title='bbox 622 2815 753 2898; x_wconf 89' lang='lat' dir='ltr'>denique</span> <span class='ocrx_word' id='word_1_208' title='bbox 777 2833 855 2897; x_wconf 90' lang='lat' dir='ltr'>quae</span> <span class='ocrx_word' id='word_1_209' title='bbox 878 2815 1129 2880; x_wconf 85' lang='lat' dir='ltr'>emendationum</span> <span class='ocrx_word' id='word_1_210' title='bbox 1152 2813 1323 2897; x_wconf 87' lang='lat' dir='ltr'>specimina</span> 
     </span>
     <span class='ocr_line' id='line_1_25' title="bbox 202 2919 1321 3004; baseline -0.004 -18"><span class='ocrx_word' id='word_1_211' title='bbox 202 2922 230 2986; x_wconf 87' lang='lat' dir='ltr'><strong>G</strong></span> <span class='ocrx_word' id='word_1_212' title='bbox 254 2921 465 3003; x_wconf 83' lang='lat' dir='ltr'>compluribus</span> <span class='ocrx_word' id='word_1_213' title='bbox 487 2922 519 2986; x_wconf 91' lang='lat' dir='ltr'>in</span> <span class='ocrx_word' id='word_1_214' title='bbox 550 2922 629 2987; x_wconf 92' lang='lat' dir='ltr'>locis</span> <span class='ocrx_word' id='word_1_215' title='bbox 660 2921 796 3004; x_wconf 87' lang='lat' dir='ltr'>praebet,</span> <span class='ocrx_word' id='word_1_216' title='bbox 820 2924 930 2986; x_wconf 87' lang='lat' dir='ltr'>sanant</span> <span class='ocrx_word' id='word_1_217' title='bbox 957 2921 1125 3001; x_wconf 91' lang='lat' dir='ltr'>scripturas</span> <span class='ocrx_word' id='word_1_218' title='bbox 1146 2920 1178 2982; x_wconf 94' lang='lat' dir='ltr'>in</span> <span class='ocrx_word' id='word_1_219' title='bbox 1201 2919 1236 2994; x_wconf 88' lang='lat' dir='ltr'>P,</span> <span class='ocrx_word' id='word_1_220' title='bbox 1260 2938 1321 2983; x_wconf 92' lang='lat' dir='ltr'>non</span> 
     </span>
     <span class='ocr_line' id='line_1_26' title="bbox 201 3025 1322 3110; baseline -0.002 -21"><span class='ocrx_word' id='word_1_221' title='bbox 201 3025 359 3091; x_wconf 90' lang='lat' dir='ltr'>codicisR</span> <span class='ocrx_word' id='word_1_222' title='bbox 376 3027 526 3110; x_wconf 77' lang='lat' dir='ltr'>genuinas</span> <span class='ocrx_word' id='word_1_223' title='bbox 545 3027 647 3093; x_wconf 91' lang='lat' dir='ltr'>uelut:</span> <span class='ocrx_word' id='word_1_224' title='bbox 666 3028 721 3108; x_wconf 80' lang='lat' dir='ltr'>oui</span> <span class='ocrx_word' id='word_1_225' title='bbox 739 3028 768 3101; x_wconf 92' lang='lat'>4,</span> <span class='ocrx_word' id='word_1_226' title='bbox 786 3029 841 3103; x_wconf 79' lang='lat'>183</span> <span class='ocrx_word' id='word_1_227' title='bbox 860 3026 959 3090; x_wconf 84' lang='lat' dir='ltr'>ioceot</span> <span class='ocrx_word' id='word_1_228' title='bbox 973 3027 1024 3102; x_wconf 88' lang='lat'>18,</span> <span class='ocrx_word' id='word_1_229' title='bbox 1040 3027 1074 3101; x_wconf 80' lang='lat'>63</span> <span class='ocrx_word' id='word_1_230' title='bbox 1092 3025 1322 3105; x_wconf 54' lang='grc'>1550552216</span> 
     </span>
     <span class='ocr_line' id='line_1_27' title="bbox 200 3128 1324 3214; baseline -0.001 -21"><span class='ocrx_word' id='word_1_231' title='bbox 200 3148 232 3194; x_wconf 85' lang='grc'>55</span> <span class='ocrx_word' id='word_1_232' title='bbox 248 3130 453 3212; x_wconf 69' lang='lat' dir='ltr'>rebaptizasse</span> <span class='ocrx_word' id='word_1_233' title='bbox 466 3133 517 3207; x_wconf 92' lang='grc'>27,</span> <span class='ocrx_word' id='word_1_234' title='bbox 533 3136 567 3208; x_wconf 88' lang='grc'>5;</span> <span class='ocrx_word' id='word_1_235' title='bbox 581 3133 734 3195; x_wconf 70' lang='lat' dir='ltr'>incoctum</span> <span class='ocrx_word' id='word_1_236' title='bbox 751 3133 809 3206; x_wconf 81' lang='grc'>30,</span> <span class='ocrx_word' id='word_1_237' title='bbox 819 3133 870 3198; x_wconf 90' lang='grc'>16.</span> <span class='ocrx_word' id='word_1_238' title='bbox 884 3129 1020 3214; x_wconf 85' lang='lat' dir='ltr'>igitan</span> <span class='ocrx_word' id='word_1_239' title='bbox 1033 3130 1162 3213; x_wconf 91' lang='lat' dir='ltr'>propius</span> <span class='ocrx_word' id='word_1_240' title='bbox 1177 3128 1324 3193; x_wconf 85' lang='lat' dir='ltr'>accedere</span> 
     </span>
     <span class='ocr_line' id='line_1_28' title="bbox 201 3233 1323 3317; baseline -0.002 -18"><span class='ocrx_word' id='word_1_241' title='bbox 201 3235 420 3317; x_wconf 88' lang='lat' dir='ltr'>comprobatur</span> <span class='ocrx_word' id='word_1_242' title='bbox 452 3235 491 3300; x_wconf 88' lang='lat' dir='ltr'>ad</span> <span class='ocrx_word' id='word_1_243' title='bbox 521 3236 558 3314; x_wconf 91' lang='lat' dir='ltr'>P,</span> <span class='ocrx_word' id='word_1_244' title='bbox 580 3236 626 3299; x_wconf 91' lang='grc'>105</span> <span class='ocrx_word' id='word_1_245' title='bbox 657 3238 694 3299; x_wconf 85' lang='grc'>50</span> <span class='ocrx_word' id='word_1_246' title='bbox 726 3254 820 3298; x_wconf 90' lang='lat' dir='ltr'>unam</span> <span class='ocrx_word' id='word_1_247' title='bbox 852 3237 983 3317; x_wconf 87' lang='lat' dir='ltr'>uterque</span> <span class='ocrx_word' id='word_1_248' title='bbox 1014 3234 1151 3298; x_wconf 86' lang='lat' dir='ltr'>efficiant</span> <span class='ocrx_word' id='word_1_249' title='bbox 1180 3233 1323 3299; x_wconf 88' lang='lat' dir='ltr'>codicum</span> 
     </span>
     <span class='ocr_line' id='line_1_29' title="bbox 200 3338 1324 3422; baseline -0.001 -19"><span class='ocrx_word' id='word_1_250' title='bbox 200 3341 354 3404; x_wconf 86' lang='lat' dir='ltr'>familiam</span> <span class='ocrx_word' id='word_1_251' title='bbox 375 3359 411 3405; x_wconf 84' lang='lat' dir='ltr'>ex</span> <span class='ocrx_word' id='word_1_252' title='bbox 433 3341 543 3412; x_wconf 88' lang='lat' dir='ltr'>eodem</span> <span class='ocrx_word' id='word_1_253' title='bbox 564 3343 650 3406; x_wconf 82' lang='lat' dir='ltr'>fonte</span> <span class='ocrx_word' id='word_1_254' title='bbox 669 3340 943 3405; x_wconf 88' lang='lat' dir='ltr'>deriuati-nam</span> <span class='ocrx_word' id='word_1_255' title='bbox 960 3341 1084 3422; x_wconf 85' lang='lat' dir='ltr'>ipsoex</span> <span class='ocrx_word' id='word_1_256' title='bbox 1103 3339 1209 3403; x_wconf 90' lang='lat' dir='ltr'>codice</span> <span class='ocrx_word' id='word_1_257' title='bbox 1227 3339 1253 3403; x_wconf 89' lang='lat' dir='ltr'><strong>P</strong></span> <span class='ocrx_word' id='word_1_258' title='bbox 1271 3338 1324 3402; x_wconf 90' lang='lat' dir='ltr'>de·</span> 
     </span>
     <span class='ocr_line' id='line_1_30' title="bbox 202 3441 1324 3530; baseline 0.002 -24"><span class='ocrx_word' id='word_1_259' title='bbox 202 3441 354 3526; x_wconf 85' lang='lat' dir='ltr'>scriptum</span> <span class='ocrx_word' id='word_1_260' title='bbox 376 3463 446 3510; x_wconf 90' lang='lat' dir='ltr'>esse</span> <span class='ocrx_word' id='word_1_261' title='bbox 470 3443 498 3510; x_wconf 90' lang='lat' dir='ltr'><strong>G</strong></span> <span class='ocrx_word' id='word_1_262' title='bbox 520 3449 645 3530; x_wconf 88' lang='lat' dir='ltr'>propter</span> <span class='ocrx_word' id='word_1_263' title='bbox 667 3445 789 3528; x_wconf 77' lang='lat' dir='ltr'>copiam</span> <span class='ocrx_word' id='word_1_264' title='bbox 812 3445 1088 3529; x_wconf 89' lang='lat' dir='ltr'>discrepantiarum</span> <span class='ocrx_word' id='word_1_265' title='bbox 1111 3444 1171 3509; x_wconf 88' lang='lat' dir='ltr'>etsi</span> <span class='ocrx_word' id='word_1_266' title='bbox 1193 3462 1254 3508; x_wconf 93' lang='lat' dir='ltr'>non</span> <span class='ocrx_word' id='word_1_267' title='bbox 1276 3443 1324 3508; x_wconf 91' lang='lat' dir='ltr'>ita</span> 
     </span>
     <span class='ocr_line' id='line_1_31' title="bbox 201 3546 846 3631; baseline 0.008 -22"><span class='ocrx_word' id='word_1_268' title='bbox 201 3546 343 3627; x_wconf 85' lang='lat' dir='ltr'>grauium</span> <span class='ocrx_word' id='word_1_269' title='bbox 366 3549 468 3613; x_wconf 90' lang='lat' dir='ltr'>minus</span> <span class='ocrx_word' id='word_1_270' title='bbox 490 3549 587 3614; x_wconf 85' lang='lat' dir='ltr'>habet</span> <span class='ocrx_word' id='word_1_271' title='bbox 606 3548 846 3631; x_wconf 88' lang='lat' dir='ltr'>probabilitatis.</span> 
     </span>
    </p>

    <p class='ocr_par' dir='ltr' id='par_1_3' title="bbox 199 3651 1395 4260">
     <span class='ocr_line' id='line_1_32' title="bbox 244 3651 1324 3732; baseline 0 -18"><span class='ocrx_word' id='word_1_272' title='bbox 244 3651 311 3717; x_wconf 87' lang='lat' dir='ltr'>Iam</span> <span class='ocrx_word' id='word_1_273' title='bbox 332 3654 520 3719; x_wconf 85' lang='lat' dir='ltr'>monendum</span> <span class='ocrx_word' id='word_1_274' title='bbox 540 3657 590 3719; x_wconf 90' lang='grc'>550</span> <span class='ocrx_word' id='word_1_275' title='bbox 605 3654 677 3718; x_wconf 82' lang='grc'>1505</span> <span class='ocrx_word' id='word_1_276' title='bbox 698 3673 716 3717; x_wconf 89' lang='grc'>5</span> <span class='ocrx_word' id='word_1_277' title='bbox 737 3655 815 3718; x_wconf 91' lang='lat' dir='ltr'>libro</span> <span class='ocrx_word' id='word_1_278' title='bbox 833 3654 937 3732; x_wconf 87' lang='lat' dir='ltr'>tertio,</span> <span class='ocrx_word' id='word_1_279' title='bbox 960 3673 1031 3718; x_wconf 91' lang='lat' dir='ltr'>cum</span> <span class='ocrx_word' id='word_1_280' title='bbox 1050 3651 1194 3717; x_wconf 89' lang='lat' dir='ltr'>destituti</span> <span class='ocrx_word' id='word_1_281' title='bbox 1212 3669 1324 3716; x_wconf 88' lang='lat' dir='ltr'>sumus</span> 
     </span>
     <span class='ocr_line' id='line_1_33' title="bbox 200 3756 1325 3842; baseline 0 -21"><span class='ocrx_word' id='word_1_282' title='bbox 200 3756 425 3842; x_wconf 89' lang='lat' dir='ltr'>Petropolitani</span> <span class='ocrx_word' id='word_1_283' title='bbox 447 3760 564 3825; x_wconf 90' lang='lat' dir='ltr'>codicis</span> <span class='ocrx_word' id='word_1_284' title='bbox 587 3759 737 3836; x_wconf 90' lang='lat' dir='ltr'>subsidio,</span> <span class='ocrx_word' id='word_1_285' title='bbox 756 3760 787 3822; x_wconf 92' lang='lat' dir='ltr'>in</span> <span class='ocrx_word' id='word_1_286' title='bbox 807 3759 835 3824; x_wconf 88' lang='lat' dir='ltr'><strong>G</strong></span> <span class='ocrx_word' id='word_1_287' title='bbox 857 3759 1027 3824; x_wconf 87' lang='lat' dir='ltr'>sescenties</span> <span class='ocrx_word' id='word_1_288' title='bbox 1051 3757 1152 3824; x_wconf 84' lang='lat' dir='ltr'>offerri</span> <span class='ocrx_word' id='word_1_289' title='bbox 1173 3757 1325 3821; x_wconf 87' lang='lat' dir='ltr'>lectiones</span> 
     </span>
     <span class='ocr_line' id='line_1_34' title="bbox 201 3849 1323 3947; baseline -0.001 -21"><span class='ocrx_word' id='word_1_290' title='bbox 201 3854 369 3929; x_wconf 89' lang='lat' dir='ltr'>secundam</span> <span class='ocrx_word' id='word_1_291' title='bbox 392 3849 528 3930; x_wconf 85' lang='lat' dir='ltr'>auctoris</span> <span class='ocrx_word' id='word_1_292' title='bbox 551 3865 651 3930; x_wconf 88' lang='lat' dir='ltr'>nostri</span> <span class='ocrx_word' id='word_1_293' title='bbox 673 3884 797 3947; x_wconf 90' lang='lat' dir='ltr'>operam</span> <span class='ocrx_word' id='word_1_294' title='bbox 814 3869 864 3930; x_wconf 88' lang='lat' dir='ltr'>sat</span> <span class='ocrx_word' id='word_1_295' title='bbox 880 3865 1055 3930; x_wconf 90' lang='lat' dir='ltr'>luculenter</span> <span class='ocrx_word' id='word_1_296' title='bbox 1076 3862 1323 3944; x_wconf 86' lang='lat' dir='ltr'>comprobantes.</span> 
     </span>
     <span class='ocr_line' id='line_1_35' title="bbox 203 3966 1325 4053; baseline -0.001 -20"><span class='ocrx_word' id='word_1_297' title='bbox 203 3989 331 4051; x_wconf 89' lang='lat' dir='ltr'>quarum</span> <span class='ocrx_word' id='word_1_298' title='bbox 363 3971 513 4036; x_wconf 88' lang='lat' dir='ltr'>maiorem</span> <span class='ocrx_word' id='word_1_299' title='bbox 543 3973 664 4053; x_wconf 90' lang='lat' dir='ltr'>partem</span> <span class='ocrx_word' id='word_1_300' title='bbox 695 3969 884 4049; x_wconf 82' lang='lat' dir='ltr'>adferemus,</span> <span class='ocrx_word' id='word_1_301' title='bbox 918 3989 990 4034; x_wconf 91' lang='lat' dir='ltr'>cum</span> <span class='ocrx_word' id='word_1_302' title='bbox 1022 3970 1059 4034; x_wconf 93' lang='lat' dir='ltr'>de</span> <span class='ocrx_word' id='word_1_303' title='bbox 1091 3966 1325 4033; x_wconf 90' lang='lat' dir='ltr'>necessitudine</span> 
     </span>
     <span class='ocr_line' id='line_1_36' title="bbox 201 4073 1395 4158; baseline 0.002 -19"><span class='ocrx_word' id='word_1_304' title='bbox 201 4075 367 4152; x_wconf 85' lang='lat' dir='ltr'>artissima,</span> <span class='ocrx_word' id='word_1_305' title='bbox 392 4093 469 4158; x_wconf 89' lang='lat' dir='ltr'>quae</span> <span class='ocrx_word' id='word_1_306' title='bbox 490 4075 571 4138; x_wconf 89' lang='lat' dir='ltr'>inter</span> <span class='ocrx_word' id='word_1_307' title='bbox 589 4074 612 4140; x_wconf 84' lang='grc'>0</span> <span class='ocrx_word' id='word_1_308' title='bbox 631 4076 664 4138; x_wconf 88' lang='grc'>50</span> <span class='ocrx_word' id='word_1_309' title='bbox 687 4073 715 4141; x_wconf 86' lang='lat' dir='ltr'><strong>G</strong></span> <span class='ocrx_word' id='word_1_310' title='bbox 736 4074 908 4153; x_wconf 88' lang='lat' dir='ltr'>intercedit,</span> <span class='ocrx_word' id='word_1_311' title='bbox 934 4074 1114 4157; x_wconf 87' lang='lat' dir='ltr'>disputandi</span> <span class='ocrx_word' id='word_1_312' title='bbox 1141 4073 1230 4155; x_wconf 91' lang='lat' dir='ltr'>copia</span> <span class='ocrx_word' id='word_1_313' title='bbox 1252 4073 1324 4137; x_wconf 86' lang='lat' dir='ltr'>erit.</span> <span class='ocrx_word' id='word_1_314' title='bbox 1392 4136 1395 4141; x_wconf 88' lang='lat'>.</span> 
     </span>
     <span class='ocr_line' id='line_1_37' title="bbox 199 4177 1359 4260; baseline 0.002 -18"><span class='ocrx_word' id='word_1_315' title='bbox 199 4180 255 4260; x_wconf 83' lang='lat' dir='ltr'>qni</span> <span class='ocrx_word' id='word_1_316' title='bbox 286 4180 405 4246; x_wconf 87' lang='lat' dir='ltr'>restant</span> <span class='ocrx_word' id='word_1_317' title='bbox 434 4178 506 4253; x_wconf 87' lang='lat' dir='ltr'>loci,</span> <span class='ocrx_word' id='word_1_318' title='bbox 538 4177 577 4242; x_wconf 89' lang='lat' dir='ltr'>ad</span> <span class='ocrx_word' id='word_1_319' title='bbox 605 4177 701 4242; x_wconf 87' lang='lat' dir='ltr'>libros</span> <span class='ocrx_word' id='word_1_320' title='bbox 728 4179 864 4243; x_wconf 89' lang='lat' dir='ltr'>IH-VI</span> <span class='ocrx_word' id='word_1_321' title='bbox 902 4180 1056 4260; x_wconf 88' lang='lat' dir='ltr'>pertinent</span> <span class='ocrx_word' id='word_1_322' title='bbox 1095 4181 1127 4241; x_wconf 90' lang='lat' dir='ltr'>et</span> <span class='ocrx_word' id='word_1_323' title='bbox 1167 4179 1241 4241; x_wconf 91' lang='lat' dir='ltr'>sunt</span> <span class='ocrx_word' id='word_1_324' title='bbox 1274 4177 1323 4245; x_wconf 89' lang='lat' dir='ltr'>hi:</span> <span class='ocrx_word' id='word_1_325' title='bbox 1356 4182 1359 4189; x_wconf 81' lang='grc'><em>“</em></span> 
     </span>
    </p>
   </div>
   <div class='ocr_carea' id='block_1_3' title="bbox 0 0 1535 4656">
    <p class='ocr_par' dir='ltr' id='par_1_4' title="bbox 0 0 1535 4656">
     <span class='ocr_line' id='line_1_38' title="bbox 0 0 1535 4656; baseline 0 0"><span class='ocrx_word' id='word_1_326' title='bbox 0 0 1535 4656; x_wconf 95' lang='lat' dir='ltr'> </span> 
     </span>
    </p>
   </div>
  </div>
 </body>
</html>
