3044 4656
196 327 319 396 xmp
659 313 870 368 Praelatio.

197 522 256 586 sed
278 540 314 585 or
335 518 393 582 bac
417 509 601 576 difficultate
624 507 714 570 lacile
732 509 763 568 te
783 504 926 586 expedias
944 505 1064 570 ratione
1082 505 1199 584 habita,
1218 501 1316 587 qualis
1389 422 1432 591 Κ

197 627 243 691 111
263 624 361 687 totius
384 618 456 681 libri
473 611 600 695 septimi
618 610 738 675 indoles
757 612 865 693 utpote
883 628 944 674 non
964 609 1100 674 absoluti
1117 609 1318 692 perfectique.

202 729 255 812 qui
294 726 323 793 si
362 720 519 806 specimen
559 716 715 799 quoddam
753 715 882 798 praebet
922 715 1055 798 singulis
1097 716 1176 780 locis
1222 714 1320 779 incul-

199 833 291 900 candi
309 834 341 896 ct
357 824 524 901 reficiendi,
547 842 607 888 non
630 822 829 885 temerarium
853 839 921 886 esso
940 819 1071 884 arbitror
1087 820 1167 884 illud
1184 819 1321 903 primum

199 931 445 1002 additamentum
472 926 713 1010 amplificatione
741 928 773 991 et
800 924 1014 992 emendatione
1037 928 1142 989 ortum
1165 943 1200 989 91
1222 926 1320 989 altero

200 1035 407 1106 additamento
439 1032 501 1095 iam
533 1050 590 1096 suo
621 1032 690 1096 loco
721 1030 915 1099 inculcatum
944 1029 1054 1105 fuisse,
1083 1048 1155 1093 cum
1186 1029 1320 1093 alterum

201 1143 290 1208 uelut
315 1135 406 1222 primi
433 1137 609 1218 exemplum
635 1134 753 1199 librarii
779 1152 879 1198 errore
905 1133 938 1196 in
965 1133 1099 1197 eundem
1129 1132 1245 1197 libmm
1278 1134 1321 1197 sit

199 1249 364 1311 intrusum.
395 1239 565 1303 notandum
597 1239 729 1320 denique
760 1244 810 1304 est
839 1239 871 1303 in
903 1238 1162 1322 Saugcrmanensi
1193 1256 1319 1301 manum

196 1343 443 1414 recentissimam
479 1344 593 1409 iterum
627 1344 751 1409 rubrica
790 1342 994 1426 adscripsisse
1034 1344 1137 1406 omas.
1174 1344 1206 1406 et
1239 1341 1320 1405 illud

198 1453 278 1516 addc
299 1448 395 1513 uerbo
419 1444 602 1530 temporibus
619 1450 787 1533 praefixum
804 1449 836 1513 in
850 1450 906 1515 AR
919 1448 1037 1514 turbati
1055 1448 1171 1513 ordinis
1193 1435 1319 1526 mouere

196 1553 418 1637 suspicionem.

243 1657 327 1736 Quae
369 1664 443 1726 sunt
480 1663 601 1745 reliqua
640 1663 767 1729 minoris
808 1663 944 1728 ambitus
986 1660 1198 1726 additamenta
1237 1662 1322 1725 stant

198 1765 365 1844 oadunare,
374 1772 467 1850 prout
476 1771 513 1834 de
529 1770 650 1834 duobus
665 1769 819 1852 prioribus
833 1769 1038 1836 constitutum
1053 1767 1320 1848 diiudicatumqua

200 1875 257 1935 est.
289 1873 402 1940 tertius
432 1877 486 1942 1119
518 1877 621 1942 19911
639 1877 844 1958 interpolatus
877 1873 920 1959 (p.
955 1876 1027 1951 168,
1062 1869 1203 1957 10-13)
1235 1889 1320 1954 repe·

195 1975 341 2041 titionem
365 1984 505 2044 continet
521 1983 629 2061 paucis
648 1982 753 2046 uerbis
773 1979 1027 2063 comprehensam
1047 1978 1114 2041 eius
1138 1977 1319 2058 sententiae,

200 2099 279 2162 quae
314 2082 345 2147 in
382 2084 504 2151 duobus
540 2086 694 2166 prioribus
732 2086 889 2167 copiosius
924 2083 1076 2164 explicata
1107 2082 1320 2162 exemplisque

196 2185 322 2249 firmata
344 2193 419 2250 erat.
448 2190 594 2252 nimirum
617 2190 743 2268 quidem
765 2190 824 2254 hoc
846 2190 915 2253 loco
939 2187 1097 2252 conclusio
1120 2187 1176 2250 illa
1199 2186 1319 2250 deside·

200 2296 295 2370 ratur,
328 2312 407 2375 quae
438 2295 529 2356 antea
560 2291 601 2375 (p.
632 2294 704 2370 163,
738 2295 779 2354 22
812 2292 873 2378 sq)
906 2291 1104 2374 cognoscitur
1135 2291 1319 2355 necessaria.

199 2401 293 2478 atque
317 2397 400 2477 qnod
423 2399 567 2477 quartum
595 2397 706 2459 attinet
733 2395 978 2458 additamentum
1001 2396 1044 2477 (p.
1070 2396 1142 2474 170,
1167 2396 1319 2477 12-14),

198 2501 276 2565 item
307 2500 417 2564 iterato
449 2500 602 2564 uocabulo
633 2497 773 2578 repellere
803 2487 947 2562 lacunam
977 2499 1010 2562 in
1042 2499 1170 2581 reliquis
1209 2519 1318 2565 manu·

199 2604 326 2688 scriptis
359 2605 458 2667 ortam
490 2622 558 2668 9119
590 2601 673 2666 haud
703 2601 884 2667 incredibile
915 2601 1050 2670 uidetur.
1082 2606 1211 2688 praebet
1237 2607 1320 2670 enim

198 2711 355 2773 Tillenus:
382 2712 489 2773 nostra
515 2710 645 2772 estnon
670 2707 773 2773 solum
795 2725 853 2772 uos
880 2727 941 2772 non
971 2709 1111 2790 repellere
1140 2748 1184 2758 —
1215 2712 1319 2778 unitas

198 2816 288 2878 fieret
318 2814 398 2877 bono
429 2813 515 2895 pacis
547 2833 607 2878 non
639 2813 796 2896 repellam
827 2813 952 2896 reliqui:
985 2817 1091 2880 nostra
1123 2819 1171 2880 est
1201 2817 1318 2896 bonum

197 2909 386 3031 (bondmdti)
415 2946 501 3028 pacis
532 2965 592 3011 non
623 2945 694 3031 (uos
721 2966 782 3012 non
804 2943 872 3031 RB)
895 2945 1043 3027 repellere.
1066 2948 1217 3031 repetitur
1238 2949 1319 3014 illud

196 3049 339 3136 repellere
373 3050 540 3132 utrimque,
577 3071 612 3117 91
647 3051 731 3130 boreo,
769 3051 851 3134 quod
887 3072 958 3117 cunr
989 3052 1108 3118 'liliano
1141 3055 1316 3133 concordat,

197 3155 374 3218 correctum
406 3158 456 3221 est
485 3157 594 3222 bonam
624 3156 745 3234 111011,
778 3155 909 3239 denique
940 3158 1071 3223 uariatio
1103 3158 1158 3222 illa
1179 3179 1234 3224 cos
1256 3180 1317 3224 noc

197 3258 281 3342 (RB)
313 3277 385 3323 cum
407 3260 519 3325 Tiliani
541 3260 686 3325 'lectione
720 3261 796 3325 item
833 3263 985 3348 congruit,
1023 3282 1100 3346 quaa
1137 3269 1316 3348 argumenta

196 3363 366 3442 genuinam
398 3384 466 3430 9119
497 3366 767 3448 interpolationem
797 3366 884 3431 illam
911 3368 1053 3433 euincere
1079 3372 1221 3450 possunt.
1255 3370 1315 3437 duo

196 3466 335 3529 extrema
370 3467 579 3533 additamenta
614 3471 746 3535 alterum
778 3468 821 3556 (p.
856 3473 927 3552 171,
961 3471 1059 3555 3-5)
1090 3472 1194 3538 uerbis
1231 3477 1316 3557 cpcd

195 3567 332 3634 homines
364 3591 436 3637 oum
467 3575 604 3656 complet
633 3575 737 3639 locum
769 3594 872 3642 sacrae
904 3577 1073 3659 scripturae
1101 3579 1225 3660 saepius
1247 3601 1314 3663 pro·

196 3674 309 3753 latum,
327 3670 397 3742 tum
414 3679 599 3742 sententiam
619 3681 728 3760 postea
750 3680 931 3763 explicatam
953 3679 1039 3766 (172,
1064 3683 1105 3746 14
1128 3681 1188 3769 sq.)
1211 3684 1314 3748 uerbis

192 3781 327 3862 precius
349 3785 392 3845 est
423 3782 502 3846 caim
534 3801 560 3847 9.
577 3802 606 3865 q.
622 3802 647 3847 s.
679 3803 715 3847 91
746 3787 888 3849 consulto
920 3785 1037 3849 uariare
1068 3786 1210 3862 uidetur3
1242 3791 1314 3869 post

199 3903 309 3950 uocem
322 3885 472 3972 9999911(
494 3935 502 3951 .
518 3887 551 3968 7)
563 3905 673 3952 manus
689 3889 795 3952 eadem
806 3891 1018 3955 recentissima
1033 3909 1156 3957 crucem
1169 3891 1314 3974 apposnit

195 3992 232 4055 et
265 3991 296 4055 in
332 3992 470 4076 margine
506 3992 671 4074 adscripsit
705 3993 806 4058 omiss.
838 3995 970 4060 alterum
1005 3996 1130 4062 tandem
1166 3994 1208 4080 (p.
1239 3995 1311 4070 172,

200 4097 252 4160 21.
284 4095 339 4182 22)
368 4097 454 4162 Petri
485 4098 619 4180 apostoli
649 4099 828 4181 comprobat
858 4100 966 4164 laudes
990 4098 1253 4185 argumentatione
1277 4119 1312 4165 91

195 4201 357 4268 Mattiaco
382 4203 581 4285 depromptae
599 4222 668 4267 narn
687 4203 768 4283 qood
783 4204 929 4268 instincto
947 4205 997 4268 det
1007 4207 1112 4286 patric
1128 4205 1181 4268 boc
1198 4203 1312 4269 diceet

1427 644 1432 705 l

1428 724 1432 765 ι
