3044 4656
112 313 154 376 44
449 306 475 360 S.
502 303 640 375 optari
661 304 889 359 Mileuitani

110 499 188 567 satis
208 500 356 576 admiror3
380 497 412 562 id
430 497 509 562 falso
528 497 559 560 in
583 497 715 563 alterum
733 500 765 561 te
784 497 897 575 dicere,
917 517 954 563 ex
971 518 1044 580 quo,
1065 499 1092 564 si
1110 497 1227 564 ordina-

108 607 226 671 tionem
248 608 336 670 tuam
360 602 547 682 consideres,
570 605 673 686 possis
696 605 728 668 et
750 603 956 669 erubescere?
979 604 1230 671 commemorasti

110 711 192 776 enim
224 712 343 775 lectum
375 727 445 774 esse
476 709 508 772 in
537 710 718 795 euangelio:
755 728 822 773 uae
855 710 974 788 nobis,
1003 711 1229 794 hypocritae,

111 816 174 898 qui
197 813 372 881 circuitis
395 813 510 878 maria
532 816 569 878 et
590 817 719 892 terras,
738 815 780 878 ut
801 813 953 879 faciatis
975 833 1086 879 unum
1108 835 1230 899 prose-

108 923 238 1005 lytum,
262 919 321 984 boc
344 920 403 995 ast,
426 921 464 982 ut
485 919 616 984 mutetis
635 918 769 985 alicuius
789 921 918 983 sectam.
941 921 977 982 tu
996 919 1121 1000 quidem
1139 921 1229 986 ouius
1259 943 1272 984 a

110 1031 214 1093 sactae
240 1024 337 1090 fueris
364 1025 481 1103 nescio,
508 1027 615 1090 tamen
641 1026 805 1108 inportune
833 1043 852 1089 a
877 1026 909 1090 ta
935 1023 996 1090 hoc
1018 1024 1137 1090 dictum
1159 1046 1229 1093 esse

110 1133 253 1209 aestimo,
287 1130 430 1212 quodie
457 1131 521 1195 iam
547 1132 627 1196 forte
655 1131 749 1196 buius
777 1131 853 1196 dicti
879 1131 1045 1215 paeniteat.
1077 1133 1229 1213 numquid

109 1256 167 1302 nos
191 1237 312 1319 aliquas
334 1236 569 1320 peragrauimns
587 1239 711 1302 terras?
734 1236 885 1318 numquid
903 1254 959 1300 nos
977 1235 1082 1317 aliqua
1099 1235 1229 1299 circum·

96 1341 224 1406 'inimus
242 1342 366 1406 maria?
389 1341 541 1426 numquid
559 1361 616 1407 nos
634 1343 674 1405 ad
690 1343 869 1425 peregrinos
887 1341 1077 1406 accessimus
1093 1343 1227 1423 portus?

107 1447 260 1529 numquid
300 1451 357 1514 nos
399 1448 534 1531 aliquem
571 1448 755 1513 adduximus
795 1447 971 1532 Hispanum
1007 1450 1062 1511 aut
1101 1446 1228 1512 Gallum
1245 1467 1270 1506 ιο

108 1554 163 1616 aut
184 1572 242 1618 nos
266 1554 478 1619 ordinauimus
500 1554 717 1639 ignorantibus
739 1553 962 1638 peregrinum?

151 1658 182 1725 8.
214 1660 296 1725 Nam
328 1664 361 1727 et
390 1662 509 1727 fontem
542 1663 665 1728 constat
695 1680 790 1725 unam
821 1678 890 1725 esse
923 1660 959 1724 da
987 1658 1123 1736 dotibus,
1146 1658 1233 1722 unde

107 1765 257 1831 haeretiei
279 1786 340 1832 non
366 1771 501 1853 possunt
527 1770 581 1834 uel
606 1767 668 1851 ipsi
693 1768 800 1833 bibere
827 1768 881 1831 uel
907 1766 985 1831 alios
1011 1768 1129 1851 potare,
1157 1765 1230 1847 quia

108 1872 168 1936 soli
200 1873 343 1958 sigillum
373 1876 546 1961 integrum,
577 1874 610 1940 id
642 1878 692 1940 est
722 1874 901 1959 symbolum
933 1873 1136 1950 catholicum,
1168 1890 1229 1936 non

106 1977 258 2044 babentes
272 1980 312 2044 ad
326 1981 445 2048 fontem
468 2001 578 2046 uerum
602 1981 717 2064 aperire
736 2000 797 2046 non
815 1982 958 2062 possunt.
987 2012 1003 2045 s
1031 2011 1047 2044 s
1066 1998 1137 2041 nam
1157 1997 1229 2042 cum
1247 1996 1271 2034 u

105 2084 138 2148 in
166 2085 300 2151 canticis
328 2089 521 2153 canticorum
553 2087 704 2169 scriptum
732 2085 792 2150 sit:
835 2083 1037 2148 umbilicus
1068 2085 1156 2144 tuus
1187 2084 1229 2143 ut

107 2194 231 2255 crater
257 2193 466 2269 tornatilis,
500 2192 686 2255 umbilicum
712 2192 809 2253 altare
836 2188 997 2252 adfirmare
1025 2188 1154 2249 conatus
1182 2201 1226 2246 es.

106 2295 134 2359 si
157 2295 329 2359 umbilicus
352 2295 528 2359 membrum
552 2297 602 2359 est
626 2295 659 2357 in
686 2312 824 2375 corpore,
851 2294 932 2356 inter
958 2292 1047 2357 dotes
1074 2307 1226 2354 essenon

105 2402 220 2478 potest,
239 2399 323 2478 quod
341 2400 516 2461 membrum
535 2401 601 2470 ast3
626 2397 653 2459 si
676 2399 892 2460 ornamentum
914 2399 973 2473 ast,
995 2413 1067 2477 pars
1090 2394 1226 2477 corporis

105 2520 165 2566 non
190 2504 248 2566 est.
1244 2518 1270 2558 oo

147 2607 178 2671 9.
219 2606 332 2669 Restat
361 2604 438 2682 iam,
471 2605 508 2667 ut
540 2603 629 2669 dotes
662 2603 798 2686 quinque
830 2625 899 2672 asse
934 2607 1114 2686 uideantur,
1147 2626 1226 2689 quae

106 2713 194 2779 dotes
218 2730 290 2775 cum
313 2709 376 2774 sint
398 2709 548 2777 ecclesiae
572 2699 754 2790 catholicae,
778 2732 856 2795 quae
876 2716 924 2780 est
940 2713 972 2779 in
990 2715 1040 2808 tot
1056 2713 1226 2798 prouinciis

192 2866 322 2922 abach.
341 2866 384 2931 23,
405 2867 437 2921 15
492 2868 524 2921 16
544 2865 620 2922 Cant.
640 2868 664 2932 7,
684 2867 700 2920 2

140 2977 155 3029 1
174 2973 296 3028 admiror.
315 2972 347 3026 Id
362 3015 367 3026 .
383 3015 389 3027 .
405 2972 505 3027 diceres
525 2973 582 3039 (ael
600 2973 686 3028 dicere
698 2975 737 3042 te)
752 2990 783 3028 ex
797 2990 848 3044 quo
862 3016 867 3027 .
882 3017 888 3028 .
904 3017 910 3029 .
925 2975 1099 3030 erubescere?
1112 2992 1223 3045 propos.

107 3062 234 3129 casaub,
258 3062 335 3132 calpe
360 3067 465 3117 aradus
490 3061 650 3116 sententium
671 3063 699 3115 ta
728 3064 791 3128 (om.
819 3062 883 3117 libri
909 3063 983 3126 edd.)
1015 3063 1102 3118 dicere
1128 3065 1226 3133 screbat

102 3150 199 3205 falsum
213 3152 294 3215 (corr.
308 3149 327 3202 i.
342 3166 391 3219 my.
406 3147 549 3217 m.1.2)1e
611 3149 627 3203 3
645 3148 722 3203 uobis
740 3149 842 3204 scribae
861 3152 889 3204 et
902 3150 1018 3221 pharisei
1028 3150 1185 3221 hypocritae
1198 3153 1226 3207 P

103 3237 253 3292 dfaciatea
272 3237 300 3292 P
371 3238 460 3291 bhoc
481 3253 568 3291 omo
642 3236 780 3291 ddictum
796 3240 838 3292 est
856 3239 967 3293 aestimo
988 3238 1094 3305 (estimo
1115 3239 1150 3309 G)
1170 3242 1225 3297 PG

104 3325 207 3397 'lquod
222 3325 250 3393 (d
263 3342 332 3380 erus.
346 3325 502 3394 uidetur)B
554 3325 683 3378 teocaB
752 3325 821 3380 forte
839 3342 890 3379 om.
907 3326 933 3380 G
985 3325 1123 3409 8Qquid
1142 3333 1222 3396 (corr.

103 3447 136 3484 m.
156 3431 212 3486 26.
231 3435 293 3502 cap.)
315 3432 341 3486 G
379 3511 392 3536 ι
410 3431 620 3501 peragrauimus]
639 3432 777 3486 circuimus
797 3431 823 3486 G
893 3433 1102 3503 aliqua—maria
1119 3452 1145 3488 n.
1164 3437 1223 3504 nos]

104 3545 196 3600 ocal}
266 3547 461 3601 circumibimns
485 3557 564 3614 (corr.
585 3564 620 3601 m.
644 3549 675 3614 2)
694 3545 721 3600 R
809 3546 825 3600 9
848 3547 883 3601 ad
904 3547 1222 3619 peregrinos-numquid

102 3649 151 3686 nos
169 3649 219 3686 om.
238 3634 267 3689 B
319 3634 527 3704 ratisponam
545 3634 572 3687 B
625 3633 682 3704 aut]
702 3639 728 3688 et
746 3636 806 3690 cdd.
862 3635 893 3689 12
906 3635 1008 3689 fontem
1023 3637 1219 3692 constantinum

624 3705 694 3740 bibere

104 3746 206 3810 esseG,
225 3748 326 3803 fontem
344 3765 426 3802 unum
444 3765 526 3804 osseo
562 3750 595 3803 13
613 3749 704 3804 uiuere
718 3753 751 3816 (a.
766 3750 783 3805 l.
797 3766 831 3803 m.
846 3749 923 3817 2)R,
937 3750 1064 3805 uiuereB
1115 3711 1219 3821 pffie

105 3838 138 3902 (a.
158 3835 175 3889 l.
194 3852 228 3889 m.
248 3840 279 3905 2)
298 3837 334 3901 R,
352 3839 459 3906 portare
476 3837 504 3889 B
558 3837 591 3891 lb
608 3838 728 3907 possunt]
749 3838 888 3892 meabas
900 3839 984 3907 porci
1000 3839 1092 3893 biotae
1109 3837 1219 3903 dedices,

103 3940 179 3994 poem
204 3925 262 3978 iam
283 3924 411 3994 Cuouub,
437 3926 571 3982 Bcldcic.
599 3925 704 3994 Dupin.
733 3927 806 3980 alica
833 3926 889 3981 alio
917 3927 973 3981 loco
1000 3932 1063 3982 mart
1089 3924 1220 3991 auspicati

106 4012 138 4067 16
156 4012 184 4066 in
198 4016 230 4080 (a.
251 4015 269 4069 l.
286 4032 321 4069 m.
339 4017 366 4082 1)
384 4014 413 4068 B
477 4014 580 4068 mntico
599 4014 726 4083 scriptum
748 4013 835 4070 estG
898 4030 947 4069 scr.
966 4017 1020 4069 est:
1040 4012 1218 4068 stomaco

106 4103 138 4155 17
165 4102 311 4173 tornatilis]
335 4106 443 4157 ornatus
467 4102 502 4167 P,
528 4105 650 4157 tornatus
678 4101 704 4156 G
810 4104 843 4159 18
861 4103 1014 4158 umbilicum
1035 4102 1068 4164 P,
1087 4098 1217 4156 umbllcns

105 4190 167 4256 (cic)
187 4190 214 4243 B
285 4195 327 4246 est
343 4206 394 4245 om.
416 4190 441 4245 G
496 4192 527 4245 19
547 4193 588 4246 est
606 4194 634 4245 et
651 4190 715 4245 siG
