3044 4656
278 299 338 362 188
749 290 917 361 Appendix

274 503 333 545 non
350 487 450 557 nostis,
470 486 586 544 nomina
604 502 700 544 eorum
718 485 813 544 dicite.
838 485 995 543 Catullinus
1014 489 1042 543 et
1058 484 1229 543 Marouolius
1248 485 1388 543 dixerunt:

274 592 326 634 uos
357 591 415 633 non
446 591 542 632 sumus
569 573 738 646 proditores,
766 591 831 632 ecoe
858 589 964 642 sumus,
997 573 1063 632 iube
1094 591 1148 632 nos
1176 572 1276 632 occidi.
1313 573 1391 631 Felix

274 664 377 721 damen
401 664 555 737 perpetuus
583 663 696 720 curator
726 661 898 735 reipublicae
930 660 1014 720 dixit:
1046 661 1229 736 recipiantur.
1271 665 1300 720 et
1330 679 1392 720 cum

274 753 388 810 uentum
417 752 492 809 esset
518 750 555 807 ad
582 750 694 808 domum
715 750 835 824 Engoni,
863 750 942 808 Felix
969 751 1072 808 flamen
1097 753 1251 824 perpetuus
1280 753 1393 810 curator

274 839 445 913 reipublicae
466 837 593 912 Eugenio
617 838 700 896 dixit:
728 839 824 911 profer
851 839 1015 911 scripturas,
1040 856 1110 912 quas
1132 839 1231 908 habos,
1255 842 1287 896 ut
1308 856 1392 912 prae·
1424 847 1437 886 ⁵

274 931 356 1002 cepto
387 945 486 1002 parere
512 926 615 1000 possis.
653 929 682 984 et
707 926 828 1000 protulit
858 927 971 986 codices
1003 929 1145 1000 quattuor.
1181 927 1260 986 Felix
1291 927 1394 985 flamen

273 1018 427 1091 perpetuus
450 1017 562 1079 curator
584 1014 756 1087 reipublicae
778 1015 893 1074 Siluano
918 1017 946 1073 et
964 1017 1069 1074 Uaroso
1093 1015 1176 1074 dixit:
1201 1016 1394 1074 demonstrate

222 1108 383 1163 xeaoeceros
404 1104 536 1162 lectores.
560 1103 693 1161 Siluanus
712 1105 740 1161 et
758 1103 879 1162 Uarosus
897 1103 1041 1161 dixerunt:
1064 1103 1121 1161 iarn
1140 1103 1212 1161 dixit
1229 1103 1391 1178 episcopus,

275 1193 342 1266 quia
362 1193 486 1250 Edusins
509 1193 537 1249 ot
556 1191 657 1249 Iunius
685 1193 847 1264 exceptores
876 1207 972 1249 omnes
999 1196 1155 1261 nonerunt:
1183 1191 1239 1264 ipsi
1265 1191 1319 1249 tibi
1343 1193 1392 1249 de·

275 1281 435 1340 monstrent
456 1280 493 1338 ad
516 1279 615 1337 domus
633 1296 737 1338 eornm.
760 1279 883 1338 Edusius
902 1281 930 1336 et
946 1279 1047 1337 Iunius
1065 1280 1227 1352 exceptores
1246 1278 1389 1356 dixerunt:
1411 1287 1436 1324 ¹⁰

275 1385 328 1427 nos
351 1385 398 1427 eos
422 1369 656 1437 demonstramus,
675 1367 798 1426 domine.
823 1370 851 1426 et
872 1383 935 1425 oum
956 1368 1073 1425 uentum
1094 1367 1197 1426 fuisset
1218 1367 1256 1425 ad
1278 1367 1390 1425 domum

273 1456 377 1514 Felicis
399 1454 528 1525 sarsoris,
546 1455 664 1529 protulit
685 1455 798 1514 codices
821 1453 958 1529 quinque:
983 1457 1011 1513 et
1032 1472 1096 1514 omn
1118 1457 1234 1513 uentum
1248 1449 1333 1513 ‘esset
1354 1456 1390 1512 ad

275 1545 387 1603 domum
414 1543 561 1614 Uictorini,
593 1543 713 1618 protulit
743 1544 856 1602 codices
887 1546 965 1613 octo:
998 1546 1027 1603 et
1054 1561 1117 1602 oum
1143 1545 1260 1602 uentum
1290 1542 1392 1601 fuisset

274 1633 311 1690 ad
334 1633 446 1691 domum
467 1630 599 1702 Proiecti,
623 1631 742 1705 protulit
763 1633 877 1691 codices
897 1632 924 1692 V
945 1632 1064 1692 maiores
1092 1634 1121 1690 et
1146 1631 1270 1691 minores
1291 1633 1335 1701 113
1364 1633 1393 1689 et

273 1738 336 1779 oum
359 1721 395 1778 ad
418 1720 594 1794 grammatici
617 1721 729 1780 domurn
751 1724 868 1779 uentum
889 1719 1000 1792 fuisset,
1023 1720 1103 1780 Felix
1120 1722 1222 1779 flamen
1239 1722 1392 1794 perpetuus
1412 1724 1437 1764 ¹5

273 1811 386 1867 curator
412 1807 520 1867 Uictori
546 1809 729 1883 grammatico
758 1809 842 1867 dixit:
871 1811 971 1883 profer
1002 1810 1167 1884 scripturas,
1196 1825 1266 1883 quas
1293 1809 1392 1878 habes,

273 1899 305 1955 nt
326 1900 477 1970 praecepto
499 1915 598 1971 parere
620 1896 723 1972 possis.
746 1897 844 1957 Uictor
870 1898 1072 1972 grammaticus
1101 1897 1204 1972 optulit
1231 1897 1341 1956 codices
1363 1898 1394 1955 H

273 1989 302 2043 et
324 1984 474 2059 quiniones
498 1987 640 2059 quattuor.
676 1985 756 2044 Felix
777 1987 881 2044 damen
903 1989 1057 2060 perpetuus
1080 1988 1194 2046 curator
1221 1985 1394 2059 reipublicae
1446 2011 1448 2014 ⁴

271 2073 379 2131 Uictori
407 2073 490 2132 dixit:
517 2073 613 2148 profer
639 2073 809 2149 scripturas:
842 2075 906 2148 plns
932 2076 1032 2135 habes.
1069 2076 1167 2134 Uictor
1194 2073 1394 2148 grammaticus

273 2162 356 2220 dixit:
388 2163 414 2221 si
443 2163 508 2236 plus
538 2162 711 2233 habuissem,
744 2162 894 2223 dedissem.
932 2165 961 2222 et
987 2181 1050 2221 cum
1080 2165 1196 2221 uentum
1225 2162 1328 2220 fuisset
1355 2162 1390 2219 ad
1412 2167 1438 2204 ²⁰

272 2251 386 2310 domum
415 2250 510 2308 Futioi
541 2251 740 2321 Caesariensis,
763 2251 843 2310 Felix
874 2252 977 2310 flamen
1007 2252 1161 2325 perpetuus
1192 2252 1305 2309 curator
1335 2251 1391 2308 rei·

270 2339 401 2413 publicae
419 2338 531 2397 Euticio
555 2339 640 2400 dixit:
663 2339 759 2413 profer
780 2340 945 2413 scripturas,
970 2355 1040 2411 quas
1062 2338 1161 2407 habes,
1184 2340 1216 2395 ut
1237 2341 1390 2412 praecepto

271 2444 369 2500 parcre
391 2426 496 2499 possis.
518 2427 648 2486 Futioius
672 2427 755 2486 dixit:
783 2445 842 2502 non
867 2427 969 2484 habeo.
1005 2425 1085 2483 Felix
1111 2425 1214 2483 damen
1235 2428 1390 2498 perpetuus

272 2517 384 2572 curator
402 2515 574 2588 reipublicae
591 2516 703 2575 Unticio
723 2514 805 2573 dixit:
828 2512 968 2588 professio
990 2513 1041 2570 tua
1058 2513 1129 2571 actis
1146 2513 1255 2579 haeret.
1281 2516 1390 2572 etcum

271 2604 386 2660 uentum
412 2603 514 2661 fuisset
540 2604 577 2662 ad
605 2605 717 2661 domum
745 2601 914 2671 coddeonis,
942 2600 1061 2673 protulit
1087 2617 1157 2659 uxor
1185 2603 1245 2660 aius
1278 2601 1390 2661 codices
1408 2606 1436 2646 ²⁵

271 2708 328 2750 sex.
365 2691 446 2748 Felix
472 2691 574 2750 flamen
596 2693 750 2765 perpetuus
772 2692 885 2747 curator
904 2681 1079 2762 'reipublicae
1103 2690 1188 2750 dixit:
1218 2708 1331 2764 quaere,
1356 2709 1391 2749 ne

269 2779 333 2852 plns
355 2779 495 2851 habeatis,
517 2781 622 2854 profer.
658 2777 759 2836 mulier
779 2775 940 2851 respondit:
968 2793 1028 2836 non
1049 2778 1151 2839 habeo.
1187 2779 1267 2838 Felix
1289 2780 1390 2837 flamen

268 2870 422 2941 perpetuus
449 2870 562 2926 curator
588 2866 760 2940 reipublicae
786 2866 861 2927 Boni
887 2882 968 2925 seruo
1000 2866 1115 2940 publico
1144 2866 1227 2926 dixit:
1260 2868 1335 2925 intra
1362 2870 1389 2922 et

181 2970 189 2989 ⁸
270 2973 381 3030 quaere,
410 2974 445 3014 ne
472 2956 537 3030 plus
563 2956 677 3020 habeat.
713 2971 814 3014 seruus
838 2954 971 3028 publicus
999 2954 1083 3014 dixit:
1117 2956 1245 3030 quaesiui
1272 2957 1300 3013 et
1329 2969 1387 3011 non

268 3043 374 3104 inueni.
411 3043 491 3102 Felix
517 3042 620 3102 damen
646 3045 801 3117 perpetuus
823 3045 938 3102 curator
958 3042 1132 3118 reipublicae
1156 3043 1297 3103 Uictorino
1331 3040 1386 3098 Sil·
1405 3043 1432 3084 ³0

182 3179 191 3188 ,.
269 3148 341 3190 uano
365 3135 393 3191 ot
416 3132 520 3191 Uaroso
545 3130 629 3194 dixit:
656 3131 682 3190 si
704 3131 772 3205 quid
794 3129 887 3191 minus
908 3132 1015 3191 facturn
1041 3131 1136 3203 fuerit,
1163 3148 1215 3190 uos
1243 3129 1388 3203 contingit

268 3219 455 3290 periculum.“

170 3304 171 3307 ’
313 3306 420 3375 Quibus
440 3305 523 3366 lectis
545 3306 716 3382 Zenophilus
737 3325 766 3366 u.
790 3324 814 3367 c..
838 3307 996 3366 consularis
1014 3307 1121 3366 Uictori
1143 3304 1227 3363 dixit:
1251 3304 1386 3364 confitere

269 3391 446 3466 simpliciter!
474 3395 572 3454 Uictor
594 3395 754 3471 respondit:
781 3412 839 3455 uon
860 3394 901 3452 fni
923 3412 1068 3469 praeseus.
1104 3392 1300 3453 Nundinarius
1324 3395 1385 3460 dia-

216 3496 356 3543 1eaconus
375 3482 458 3541 dixit:
476 3482 598 3558 legimus
616 3486 752 3559 epistulas
770 3483 964 3558 episcoporum
982 3484 1072 3543 factas
1091 3483 1215 3541 aForte.
1235 3485 1264 3540 et
1280 3482 1386 3557 legitur
1403 3487 1428 3526 ³⁵

302 3680 318 3732 2
328 3697 376 3734 nos
388 3685 639 3754 non—recipiantur
650 3685 744 3752 mepta
753 3685 858 3740 iudicat
870 3683 928 3752 Up.
939 3686 972 3740 79
1024 3682 1088 3738 felix
1105 3682 1118 3736 f
1134 3684 1241 3750 (laeuo.
1257 3687 1274 3738 5
1287 3686 1351 3754 litt.)
1365 3702 1382 3755 p

268 3751 376 3819 (lacten.
397 3753 497 3821 ctist.)
516 3758 621 3808 curator
641 3754 665 3808 O
731 3756 748 3809 5
766 3754 834 3810 dixit
848 3753 950 3824 Eugen.
969 3754 1028 3809 edd
1103 3756 1127 3818 b,
1147 3756 1188 3820 16,
1209 3756 1250 3821 19,
1269 3757 1304 3809 22
1321 3773 1380 3827 pro·

266 3821 363 3877 fersU
415 3822 600 3879 10domosD
647 3825 679 3878 11
699 3824 848 3882 etdnmU
890 3827 923 3879 16
942 3825 1012 3880 Uict.
1030 3826 1231 3894 grammon
1283 3826 1324 3891 18,
1338 3827 1379 3879 21.

265 3894 301 3948 24
326 3892 486 3964 reipublicae
513 3895 609 3949 om.0
710 3895 742 3948 21
770 3893 985 3950 caesarianensis
1003 3895 1061 3950 edd.
1168 3898 1202 3950 24
1220 3894 1383 3951 curatoreU

265 3965 300 4019 26
318 3963 471 4019 curator-io
503 3964 536 4019 30
553 3964 809 4035 Felix-perieulum
821 3965 939 4033 solearii
955 3982 1010 4021 esse
1026 3981 1094 4020 oeno.
1117 3967 1150 4021 U.
1163 3985 1193 4037 p.
1212 3967 1244 4021 81
1289 3966 1378 4019 3512-

265 4052 358 4106 gamus
371 4046 480 4104 propos.
499 4035 529 4089 D
632 4034 759 4106 epistolas
780 4035 804 4089 0
823 4041 832 4054 ”
904 4054 920 4091 a
936 4037 1029 4104 Forte]
1047 4040 1075 4090 et
1092 4038 1151 4091 aliis
1171 4035 1380 4092 addiscerint

264 4106 333 4176 legit
353 4107 382 4172 0,
408 4106 477 4176 legit
503 4107 634 4175 exemplar
659 4104 744 4160 libelli
765 4104 858 4160 traditi
880 4107 1010 4178 episcopis
1032 4124 1048 4160 a
1068 4107 1156 4163 Nund.
1184 4107 1242 4163 edd.
1260 4105 1289 4160 D
1316 4107 1378 4174 (cfr.

264 4177 377 4246 meet.
396 4193 417 4232 c.
439 4176 559 4232 Uresom
577 4176 701 4243 111429),
718 4174 930 4265 legitursorapei
