3044 4656
130 369 131 372 ¹
220 346 321 412 XLVI
677 341 892 397 Praefatio.

221 538 340 604 sionem
361 555 492 619 eamque
506 554 542 601 ex
559 535 711 600 librorum
730 534 790 598 fide
807 534 1016 618 probatiorem
1035 534 1161 602 reddere
1179 535 1345 616 nitebatur,

220 642 370 708 nonnulle
392 641 524 706 aliorum
546 640 682 723 ingenio,
714 637 906 719 diuinationi‚
930 641 1066 707 acumini
1087 641 1240 706 reseruari
1260 640 1347 706 uidc-

219 748 346 822 buntnr,
383 744 468 828 quod
503 762 594 811 nemo
631 744 692 810 sibi
728 745 830 830 magis
865 746 1056 827 persuaserit
1091 765 1185 830 quarn
1221 749 1346 831 egomet

219 851 307 919 mihi.
330 850 386 916 sed
409 850 438 915 si
459 869 514 933 pro
537 868 608 915 mea
628 853 716 932 parte
739 849 969 933 aliquantulum
992 852 1151 917 contulero
1175 850 1214 917 ad
1237 849 1345 934 Optati

219 956 324 1022 studia
355 954 541 1033 reuocanda,
575 958 624 1019 sat
654 974 810 1039 superque
840 957 961 1023 fructus
1001 957 1165 1040 laudisque
1196 976 1246 1021 me
1277 974 1344 1040 per·

219 1062 341 1144 cepisse
364 1059 517 1144 gaudebo.

261 1166 328 1230 lam
352 1168 441 1250 grata
457 1164 680 1230 beneficiorum
698 1166 848 1233 memoria
866 1186 920 1233 eos
943 1167 1091 1251 prosequi
1109 1167 1208 1241 decet,
1228 1164 1342 1247 quibus

217 1272 340 1354 praeter
367 1271 450 1335 uiros
478 1270 678 1337 doctissimos
706 1292 764 1338 suo
793 1291 947 1355 quemque
973 1271 1043 1337 loco
1069 1270 1214 1335 laudatos
1241 1287 1341 1353 neque

217 1375 349 1440 consilio
376 1390 477 1458 neque
506 1394 599 1458 opera
625 1377 703 1441 mibi
729 1394 867 1459 uuquam
895 1375 1004 1440 deesse
1035 1375 1165 1458 placuit.
1197 1373 1338 1457 inprimis

218 1480 377 1546 Guilelmo
406 1480 443 1546 de
470 1482 602 1546 Hartel
633 1481 728 1571 huius
756 1480 901 1562 opusculi
928 1484 961 1545 et
987 1479 1108 1546 auctori
1135 1481 1168 1546 et
1193 1479 1339 1557 adiutori,

218 1584 272 1667 qui
303 1585 403 1650 multa
429 1585 462 1650 in
489 1605 539 1650 me
570 1587 754 1669 iampridem
782 1585 904 1651 conlata
933 1585 1086 1652 beneficia
1114 1586 1274 1652 beneficiis
1303 1585 1340 1650 de

216 1690 338 1774 integro
362 1693 522 1756 cumulare
545 1711 606 1757 uon
631 1693 763 1770 destitit,
786 1692 919 1759 memori
944 1693 1058 1776 pieque
1080 1696 1185 1758 mente
1209 1691 1342 1777 gratiam

216 1794 313 1860 debeo
336 1795 572 1878 amplissimam.
600 1794 752 1882 singulari
774 1818 868 1883 opera
890 1801 923 1865 et
944 1798 1099 1865 indefessa
1121 1798 1341 1864 commoditate

215 1899 368 1983 Iosephus
406 1902 528 1985 Zycba
558 1902 590 1966 in
621 1904 760 1989 plagulis
792 1904 982 1989 corrigendis
1015 1907 1047 1970 et
1078 1902 1341 1969 admonitionibus

215 2007 248 2068 et
282 2005 551 2071 emendationibus
583 2008 740 2074 amicitiae
770 2029 901 2076 munera
930 2012 980 2075 sat
1010 2009 1113 2072 multa
1141 2003 1186 2072 et
1203 2008 1342 2089 pretiosa

215 2109 361 2192 expleuit.
392 2114 552 2194 praeterea
583 2132 641 2178 sua
670 2114 803 2196 quisque
835 2115 981 2176 comitato
1013 2110 1176 2191 officioque
1207 2127 1257 2172 me
1289 2109 1340 2173 de-

80 2259 82 2262 .
213 2211 380 2277 uinxerunt
391 2215 427 2276 ll.
444 2212 625 2290 Gottlieb
639 2214 676 2279 d
695 2213 875 2292 Habenda,
891 2213 922 2280 S.
940 2212 1077 2289 Reiter‚
1095 2210 1134 2276 Δ.
1149 2211 1338 2290 sisebodo,

211 2334 290 2397 quos
308 2336 416 2382 omnes
435 2336 471 2381 ex
489 2316 594 2380 uerbis
611 2315 728 2399 pressis
746 2316 956 2397 tenuibusque
974 2317 1098 2397 gratum
1117 2315 1337 2381 animum-nou

209 2429 372 2478 mensures
403 2432 473 2478 csse
509 2410 640 2478 confido.
677 2431 777 2494 neque
817 2415 922 2480 minus
957 2416 989 2481 in
1024 2435 1076 2480 me
1115 2417 1337 2484 beneficiorum

210 2517 345 2583 contulit
362 2534 388 2581 c.
406 2537 431 2581 r.
451 2517 609 2580 academia
625 2518 800 2581 litterarum
815 2518 1076 2601 Uindobonensis‚
1091 2541 1119 2588 c.
1133 2542 1158 2589 r.
1177 2542 1335 2590 summum

137 2705 139 2709 ι
208 2620 429 2698 Ministsrium‚
452 2620 643 2688 bibliotheca
673 2621 839 2690 nationalis
870 2625 1019 2704 Parisino,
1047 2628 1161 2710 quibus
1194 2629 1336 2696 subsidia

209 2724 316 2790 critica
334 2744 457 2812 summe
474 2725 662 2793 liberalitate
676 2727 754 2794 mihi
769 2731 969 2814 suppeditata
987 2732 1096 2800 debeo.
1115 2735 1236 2801 utinam
1254 2754 1333 2819 quae

210 2828 388 2897 Gerhardus
419 2832 544 2917 qnidam
576 2827 740 2902 Lorichius
766 2837 799 2902 iu
831 2836 939 2921 Optati
963 2838 1090 2905 leudem
1120 2843 1153 2906 et
1179 2859 1333 2907 commen·

208 2934 367 3002 dationem
390 2940 465 3005 olim
488 2940 611 3021 cecinit,
634 2945 668 3008 et
688 2942 738 3008 bis
762 2943 871 3010 diebus
895 2944 1058 3012 eueniautz
1202 2938 1203 2941 '

382 3043 430 3110 En
452 3046 549 3117 uenit,
564 3045 700 3129 Optatus
724 3050 831 3130 optato
853 3052 993 3134 tempore
1015 3054 1121 3119 nostro

425 3151 581 3218 Haereses
605 3153 757 3220 aduersus
781 3154 930 3239 dogmata
951 3174 1039 3222 sacra
1060 3157 1174 3223 ferens.

249 3367 370 3436 Dabam
384 3373 589 3440 Uindobonae
606 3394 716 3442 mense
728 3375 895 3442 Febmario
910 3378 983 3444 anni
995 3332 1351 3447 uncecuxxxxlus

872 3623 1015 3746 carolos
1041 3675 1171 3749 Zisoso.
