3044 4656
197 338 285 403 XXX
648 319 861 374 Praefatio.

202 532 317 606 ,altera
338 527 414 588 haec
437 519 531 584 editio
553 552 598 563 -
620 515 697 579 dicit
728 532 817 577 suam
840 549 881 559 -
906 511 1027 576 duobus
1056 509 1316 592 manuscriptis„
1390 430 1435 581 κ

199 633 341 704 subnixa,
381 644 512 708 quorum
553 622 686 684 alterum
721 619 766 684 Io.
803 617 882 681 Tillo
920 617 1066 698 episcopo
1103 614 1318 679 Meldensi...

199 739 380 811 debemus“‚
403 729 595 808 eundemque
628 723 766 789 codicem
796 723 950 786 Tilianum
982 721 1099 804 profert
1128 721 1160 784 in
1192 719 1318 783 anneta

199 841 337 907 tionibus
365 834 403 900 ad
427 831 534 913 Optati
560 832 657 895 libros
684 830 741 905 III,
769 828 823 906 IV,
848 831 867 893 5
895 830 938 909 (p.
969 829 1042 904 108,
1072 827 1141 907 171,
1176 823 1318 907 inprimis

200 947 259 1010 VH
276 939 513 1028 pertinentibus.
532 937 563 1001 in
581 937 652 1001 loco
669 937 827 1017 postremo
845 934 916 999 libr.
934 932 994 997 Vll
1013 932 1154 1016 spurium
1177 948 1246 994 sese
1265 928 1321 992 ali-

201 1049 322 1132 quando
346 1044 539 1125 suspicatum
561 1044 700 1105 mutasse
723 1039 911 1105 sententiam
933 1052 1023 1103 suam
1045 1037 1208 1121 profitetur
1230 1052 1320 1111 ,cum

199 1153 251 1216 hic
272 1152 351 1215 liber
372 1147 544 1230 reperiatur
563 1147 595 1210 in
618 1145 719 1210 tribus
739 1145 852 1226 quibus
871 1163 950 1209 usus
969 1163 1040 1207 sum
1058 1139 1321 1223 manuscriptis..

198 1258 276 1319 bene
299 1257 403 1318 autem
425 1253 531 1330 habet,
555 1251 637 1335 quod
659 1251 778 1314 multae
800 1249 940 1332 paginae,
961 1267 1039 1328 quae
1058 1245 1322 1320 desiderabantur,

198 1361 343 1424 inuentae
366 1359 494 1422 suntin
517 1357 636 1434 Tiliano
661 1354 827 1436 exemplari
850 1357 882 1416 et
902 1356 1062 1435 postrema
1082 1371 1163 1432 pars,
1188 1349 1321 1430 quaein

200 1483 235 1528 eo
276 1464 393 1539 deerat,
435 1464 466 1526 in
507 1462 577 1528 aliis
609 1459 835 1542 exemplaribus
867 1457 1050 1522 exstiterit“.
1075 1475 1110 1521 ex
1142 1475 1203 1537 quo
1234 1455 1325 1536 patet

200 1569 356 1633 Tilianum
377 1569 493 1633 librum
515 1567 696 1650 praebuisse
719 1565 834 1629 librum
863 1563 1031 1645 septimum
1055 1561 1115 1626 etsi
1137 1581 1197 1626 non
1220 1562 1323 1623 totum

201 1677 233 1739 et
268 1694 346 1756 quae
381 1674 413 1737 in
450 1674 520 1738 aliis
556 1672 719 1738 codicibus
758 1669 981 1747 desiderentur,
1013 1669 1045 1732 in
1072 1668 1192 1732 Tiliano
1225 1665 1325 1730 fuisse

201 1783 335 1845 seruata.
363 1784 456 1863 atque
482 1780 545 1844 iam
568 1798 604 1844 eo
626 1778 770 1860 peruenit
788 1776 972 1860 disputatio,
996 1774 1079 1858 quod
1102 1772 1324 1858 grauissimum

202 1886 391 1953 diiudicandi
421 1886 541 1951 adferat
566 1880 771 1962 momentum,
800 1884 868 1948 dico
896 1882 1149 1964 interpolationes
1177 1897 1255 1960 quae
1282 1878 1326 1941 te-

201 1997 312 2056 runtur
346 1985 418 2055 libri
445 1992 520 2069 VII,
561 2011 597 2055 ex
634 2011 695 2055 uno
734 1989 840 2056 codice
876 1987 996 2051 Tiliano
1033 1984 1215 2063 descriptas.
1252 1983 1328 2044 sunt

203 2097 327 2161 omnino
359 2115 412 2160 ser
441 2095 504 2161 loci
534 2094 635 2178 magis
666 2095 811 2158 minusue
848 2089 987 2169 spatiosi,
1027 2105 1103 2166 quos
1136 2084 1323 2147 Balduinum

202 2207 331 2264 secutus
362 2202 394 2262 in
426 2203 484 2262 hac
516 2200 651 2261 editione
682 2196 761 2258 libro
794 2191 925 2271 septimo
959 2189 1099 2251 attribui:
1130 2186 1162 2272 1)
1189 2207 1219 2269 p.
1250 2188 1324 2264 159,

206 2305 383 2382 16-163,
409 2304 464 2377 26;
490 2301 522 2385 2)
545 2321 575 2381 p.
596 2299 669 2373 165,
694 2295 850 2369 2-167‚
875 2294 931 2366 33;
956 2291 990 2377 3)
1013 2311 1044 2373 p.
1065 2294 1137 2367 168,
1164 2292 1323 2368 10-13;

205 2406 239 2488 4)
261 2426 292 2484 p.
317 2407 389 2476 170,
415 2391 574 2471 12’-14;
599 2397 631 2478 5)
653 2417 684 2476 p.
710 2397 782 2471 171,
806 2397 922 2466 3-5;
948 2395 981 2479 6)
1004 2414 1034 2476 p.
1060 2396 1132 2474 172,
1157 2399 1215 2460 21.
1233 2399 1274 2460 22

101 2527 203 2569 naun
247 2507 313 2568 Iam
338 2521 431 2584 supra
458 2499 690 2582 explanauimus
708 2497 787 2560 hanc
806 2516 875 2562 esse
892 2498 964 2562 libri
985 2502 1136 2583 postremi
1158 2521 1325 2582 summam,

203 2610 293 2674 utin
315 2606 479 2672 traditores
502 2602 747 2683 traditorumque
770 2602 852 2667 filios
875 2606 975 2671 multo
998 2606 1114 2671 maiore
1134 2627 1204 2672 aum
1223 2608 1325 2672 indul-

204 2714 309 2800 gentia
327 2731 362 2777 ac
380 2708 530 2773 facilitate
553 2706 747 2789 proferantur
770 2709 953 2788 sententiae,
973 2731 1051 2793 quae
1071 2732 1144 2777 sane
1163 2713 1327 2778 abhorrere

204 2820 351 2883 uidentur
368 2836 386 2879 a
403 2814 570 2878 seueritate
589 2813 721 2895 quadam
746 2815 902 2898 animique
920 2817 1020 2901 rigore
1038 2819 1070 2882 in
1088 2819 1217 2902 reliquis
1234 2819 1324 2883 libris

205 2943 359 3007 expresso.
383 2939 475 3005 quam
498 2920 736 3004 discrepantiam
765 2923 918 2988 sublaturi
941 2924 981 2988 ad
1001 2925 1230 2990 retractationis
1243 2938 1324 2989 'oon-

204 3030 341 3113 fugimus
378 3027 597 3105 coniecturam,
634 3046 695 3109 qua
729 3029 858 3109 probata
889 3033 920 3094 11
951 3030 1162 3094 additamenta
1195 3031 1251 3094 illa
1289 3050 1326 3094 er

205 3134 324 3198 'liliano
352 3133 543 3216 deprompta,
571 3133 713 3216 inprimis
741 3133 801 3197 duo
828 3136 930 3216 priora
957 3155 1053 3217 eaque
1081 3136 1220 3218 spatiosa
1241 3135 1325 3199 haud

206 3239 270 3303 acio
294 3258 332 3302 an
354 3240 430 3302 reici
456 3257 517 3301 non
544 3239 675 3320 possint.
704 3241 797 3320 atque
820 3240 954 3320 primum
977 3240 1010 3304 hi
1033 3241 1095 3305 loci
1118 3241 1178 3304 duo
1202 3243 1234 3304 et
1256 3260 1325 3305 sen-

204 3343 311 3408 tentiis
336 3362 407 3409 cum
425 3343 505 3409 libro
525 3343 656 3426 septimo
677 3343 794 3424 optime
813 3345 979 3408 cohaerent
996 3347 1036 3421 et,
1056 3345 1104 3408 uti
1122 3343 1229 3426 Optati
1248 3350 1324 3426 erat,

204 3449 354 3515 nonnulla
371 3448 539 3526 continent,
556 3467 634 3530 quae
652 3448 713 3512 iam
733 3466 827 3530 supra
844 3450 976 3513 tractata
991 3453 1085 3527 erant,
1101 3449 1169 3514 dico
1183 3450 1324 3533 inprimis

206 3552 243 3615 de
257 3554 366 3634 Moyse
383 3554 522 3636 exempla
539 3573 575 3617 ex
594 3571 682 3618 sacra
704 3553 857 3634 scriptura
878 3555 977 3637 petita
995 3554 1103 3640 (Exod.
1123 3557 1174 3632 20,
1196 3559 1246 3621 13.
1268 3560 1323 3633 14;

206 3675 237 3719 u.
272 3656 367 3722 indic.
403 3657 457 3739 ΙΙ).
495 3677 594 3740 neque
632 3658 816 3723 offendimur
850 3660 882 3723 in
919 3659 1041 3724 dicendi
1077 3679 1207 3743 genere,
1241 3660 1323 3742 quod

205 3761 342 3844 Dupinio
357 3763 462 3828 nescio
478 3762 591 3845 quibus
606 3764 710 3828 causis
725 3768 908 3846 suspectum
923 3768 996 3829 erat.
1017 3766 1048 3826 at
1061 3766 1261 3847 probabilem,
1277 3765 1322 3827 in-

207 3866 305 3948 quies,
327 3867 456 3931 modum
480 3868 590 3949 capitis
612 3869 705 3950 primi
728 3868 863 3933 ambitus
888 3869 1057 3946 excederet,
1086 3869 1113 3933 si
1136 3869 1247 3933 Tiliani
1269 3868 1319 3930 ad-

207 3972 412 4036 ditamentum
443 3972 504 4036 hoo
533 3973 603 4038 loco
636 3973 852 4051 inculcaretur,
885 3975 967 4057 quod
999 3993 1112 4058 negare
1138 3974 1263 4038 minime
1289 3973 1322 4036 in

208 4077 308 4142 animo
337 4081 395 4144 est.
424 4077 479 4141 sed
506 4081 543 4141 ut
569 4079 712 4142 omittam
739 4079 945 4160 capitulorum
978 4079 1208 4152 distinctionem
1237 4076 1322 4142 haud
1418 4069 1421 4077 ’

208 4182 299 4248 dubie
326 4203 386 4247 non
415 4183 452 4246 ab
477 4180 591 4265 Optato
620 4202 688 4248 esse
715 4184 884 4264 profectam
914 4187 944 4249 et
970 4185 1001 4249 in
1025 4184 1177 4267 prioribus
1199 4201 1323 4265 quoque
