3044 4656
164 317 282 382 XLIIII
619 308 833 365 Praefatio.

168 511 222 585 18;
244 510 316 584 121,
337 509 392 582 15;
411 505 485 582 122,
509 505 544 578 9;
570 503 644 578 125,
669 502 790 576 7-1ος
812 504 885 580 132,
906 504 963 577 20;
986 502 1057 580 134,
1078 504 1134 578 22;
1155 504 1227 580 145,
1245 500 1287 586 5).

165 614 204 677 11
238 615 386 676 honorem
426 607 571 674 01111111
609 604 833 670 uindicandum
871 605 1067 669 satisfactum
1106 625 1174 671 esse
1200 611 1287 689 puto.

164 719 272 794 restat,
304 720 341 779 11
372 729 611 778 commemorem
646 711 751 792 ipsum
782 710 980 792 praemisisse
1018 709 1112 775 indici
1143 711 1288 777 editionis

165 842 251 899 suae,
279 816 514 902 „compendium
538 815 742 879 summarium
765 835 782 880 e
806 835 857 879 ser
880 815 969 879 libris
994 818 1171 896 excerptum
1195 819 1287 897 atque

165 929 197 990 in
221 925 358 1008 capitula
384 921 561 1004 digestum“
590 939 716 1002 prorsus
747 921 883 985 alienum
911 920 948 984 ab
977 920 1178 1002 argumentis,
1209 940 1287 1001 quae

164 1032 197 1094 in
219 1029 348 1109 reliquis
372 1025 559 1091 editionibus
591 1026 724 1109 singulis
743 1028 936 1110 singulorum
959 1025 1108 1089 librorum
1132 1024 1286 1107 capitibus

164 1133 293 1216 praefigi
316 1132 427 1197 solent.
457 1150 557 1212 neque
581 1131 787 1213 capitulorum
809 1150 957 1195 numerus
981 1129 1160 1195 concordat:
1190 1129 1286 1193 libros

166 1256 277 1317 nempe
292 1239 316 1311 Ι,
332 1237 373 1312 ΙΙ,
388 1235 444 1313 ΙΙΙ,
466 1235 538 1298 Vin
559 1237 744 1317 quindecim,
759 1237 804 1300 IV
816 1237 848 1299 in
864 1239 945 1311 octo,
960 1235 1004 1297 VI
1017 1235 1048 1297 in
1066 1237 1106 1298 10
1121 1234 1288 1316 distinguit

166 1340 277 1420 capita.
298 1339 443 1404 Cochlaei
457 1339 551 1404 editio
568 1341 734 1422 Optatiana
752 1340 928 1421 ceteroquin
944 1340 981 1403 ad
996 1342 1136 1420 tempora
1148 1341 1286 1414 reuocat,

166 1445 279 1524 quibus
316 1462 428 1508 excusa
470 1447 531 1508 est:
565 1446 623 1509 sub
653 1446 788 1510 indicem
819 1444 1005 1520 ,summaria
1032 1443 1158 1508 collatio
1184 1443 1286 1507 Dona·

164 1547 310 1611 tistarum
346 1549 385 1612 ad
423 1549 646 1615 Schismaticos
683 1552 777 1615 huius
819 1549 986 1630 1111111111κ
1025 1546 1109 1630 typis
1146 1566 1289 1628 expressa

166 1654 224 1728 est,
243 1673 304 1734 qua
321 1653 450 1717 Lutberi
468 1658 500 1717 et
518 1654 657 1737 Zuinglii
676 1655 781 1718 studia
795 1653 1286 1736 contentionesque.acerbissime

165 1759 321 1822 notantur.
350 1759 387 1822 de
419 1759 527 1822 eodem
561 1759 714 1825 Cochlaeo
747 1759 801 1823 cir.
829 1758 984 1842 Lessingii
1015 1759 1113 1823 nostri
1141 1757 1286 1820 libellum

167 1863 326 1947 „Rettung
353 1863 407 1927 des
436 1862 620 1941 Cochlaeus,
654 1864 727 1927 aber
752 1883 811 1927 nur
841 1863 872 1926 in
901 1863 985 1928 einer
1011 1862 1225 1947 Kleinigkeit“
1256 1864 1288 1925 et

166 1966 381 2032 Camerarium
399 1967 517 2054 (Leben
540 1969 781 2034 Melanchthons
806 1989 832 2034 e.
856 1967 923 2054 40).

209 2070 461 2149 Quattuordecim
487 2073 574 2137 annis
597 2077 670 2156 post
693 2074 880 2139 Cochlaeum
904 2093 986 2137 noua
1008 2072 1115 2155 Optati
1136 2071 1286 2134 librorum

119 2174 140 2237 b
162 2179 300 2241 recensio
319 2179 435 2258 prodiit
449 2197 522 2241 cura
543 2179 702 2241 Francisci
723 2177 909 2253 Balduini,
932 2176 984 2240 cui
1003 2174 1152 2240 Claudius
1169 2175 1286 2257 dispen-

166 2300 269 2358 caeus,
282 2283 450 2366 theologus
459 2282 655 2371 ParisiensiS,
670 2280 806 2343 codicem
821 2280 957 2344 nondum
968 2299 1131 2344 excussum
1151 2278 1286 2342 dederat.

166 2389 234 2447 tum
262 2389 347 2447 sexto
375 2404 453 2446 anno
481 2388 554 2463 post
576 2383 711 2445 secunda
732 2382 886 2444 Balduina
911 2384 1070 2463 publicata
1093 2386 1141 2447 111
1164 2383 1285 2447 duobus

166 2486 295 2548 fundata>
315 2486 403 2547 libris
426 2484 658 2562 manuscriptis,
678 2502 808 2563 quorum
831 2485 909 2548 alter
927 2485 1066 2550 'silianus
1085 2487 1139 2551 ille
1161 2487 1232 2564 fuit,
1247 2488 1285 2552 de

168 2608 228 2672 quo
265 2608 358 2669 supra
384 2587 624 2669 disputauimus.
651 2606 837 2669 quamquam
864 2589 940 2653 haec
973 2591 1084 2655 iterata
1115 2592 1209 2657 editio
1238 2597 1288 2657 sat

166 2696 302 2758 multum
324 2693 494 2775 profecisse
521 2691 647 2756 uidetur
668 2694 699 2757 in
723 2695 809 2757 textu
837 2695 1029 2760 restituendo
1051 2698 1285 2781 purgandoque,

166 2802 271 2863 tamen
294 2820 353 2865 non
377 2799 455 2863 nihil
474 2798 626 2863 sanationi
643 2801 788 2864 relictum
807 2805 865 2865 est.
889 2807 1072 2885 argumenta
1091 2805 1285 2888 singulorum

167 2904 327 2983 librorum,
356 2924 434 2988 quos
461 2905 492 2969 in
526 2906 628 2988 capita
660 2907 821 2990 disponere
849 2908 1022 2972 Balduinus
1054 2911 1199 2993 neglexit,
1235 2910 1285 2974 de-

168 3009 354 3085 siderantur3
389 3011 442 3075 sed
475 3011 628 3093 septimus
663 3013 742 3076 liber
772 3013 804 3076 in
836 3013 894 3077 hac
926 3013 1060 3079 editione
1092 3017 1129 3079 ut
1159 3015 1285 3078 uidetur

166 3113 301 3194 primum
333 3152 375 3162 -
406 3135 476 3180 nam
509 3116 642 3200 priorem
678 3118 915 3183 Balduinianam
951 3120 1056 3184 nescio
1089 3120 1159 3201 quis
1192 3138 1283 3184 casus

168 3220 322 3299 oppressit
351 3222 450 3284 -in
487 3224 588 3285 lucem
627 3222 753 3303 prodiit.
790 3228 940 3304 quantum
977 3225 1110 3290 subsidii
1145 3224 1284 3290 Tilianus

167 3322 261 3388 codex
284 3326 394 3391 editori
417 3327 672 3410 suppeditauerit,
699 3329 761 3391 iam
789 3348 883 3411 supra
908 3329 1097 3395 monuimus.
1128 3332 1285 3412 praeterea

167 3426 417 3495 adnotationibus
446 3450 516 3494 cum
550 3432 587 3495 ad
616 3432 722 3515 Optati
754 3434 850 3499 libros
877 3437 946 3498 tum
974 3434 1013 3498 ad
1043 3435 1203 3499 historiam
1236 3454 1284 3500 ec·

166 3532 382 3611 clesiastieam,
396 3536 537 3618 inprimis
551 3538 748 3601 collationem
760 3537 1045 3622 Carthaginiensem
1058 3539 1284 3622 pertinentibus

166 3638 252 3700 tanta
284 3638 467 3707 subornauit
498 3641 670 3725 diligentia,
707 3647 744 3707 ut
774 3638 920 3726 pleraque
955 3644 1092 3709 tenebris
1124 3644 1284 3727 dissipatis

167 3743 271 3823 aperta
294 3745 325 3806 et
347 3745 508 3825 explanata
530 3747 601 3810 sint.

122 3845 143 3908 d
206 3846 309 3928 Atque
333 3847 489 3911 clauditur
511 3868 631 3932 agmen,
655 3853 692 3914 ut
712 3851 760 3915 ita
784 3851 894 3930 dicam,
918 3871 936 3915 a
962 3851 1121 3917 Ludouico
1143 3855 1183 3920 Ε.
1215 3855 1282 3919 Du·

166 3951 278 4034 pinio,
307 3952 361 4034 qui
388 3950 537 4034 Optatum
568 3954 617 4020 bis
650 3954 756 4034 edidit,
784 3957 920 4039 primum
941 3957 1070 4022 Parisiis
1094 3977 1121 4025 a.
1146 3960 1228 4023 1700
1252 3962 1283 4024 et

165 4056 391 4123 Amstelodami
425 4078 486 4123 uno
533 4077 610 4124 anno
649 4063 743 4143 post,
772 4061 886 4126 iterum
929 4081 1062 4144 eumque
1095 4063 1283 4145 ⁸limatiorem

164 4160 352 4245 Antuerpiae
376 4181 402 4226 a.
427 4163 523 4230 1702.
545 4164 621 4228 haec
644 4165 738 4231 editio
759 4185 861 4248 usquo
884 4168 923 4232 ad
940 4169 1046 4232 nostra
1066 4171 1207 4252 tempora
1227 4188 1282 4252 pro
