3044 4656
269 327 331 392 180
603 320 629 373 S.
658 319 796 389 Optati
820 317 1046 372 Mileuiteni

267 516 443 599 episcopale
466 514 644 598 collegium,
668 531 739 577 cum
762 513 799 577 ab
823 512 907 575 omni
926 511 1143 596 episcoporum
1162 510 1263 576 officio
1281 510 1380 576 Maca-

265 621 347 685 rium
378 617 513 683 uideatis
545 617 702 682 alienum?
738 615 874 699 uestigio
906 616 1048 680 ueritatis
1080 616 1140 680 hoo
1169 617 1239 681 loco
1267 618 1383 683 calcate

265 726 380 791 iterum
403 727 509 788 uestra
532 723 626 804 eaput
646 721 752 786 leuare
774 720 901 785 uidetur
922 721 1050 786 inuidia.
1087 720 1191 787 dicitis
1219 722 1301 786 onim
1328 741 1384 788 neo

265 831 347 896 iuter
363 829 462 893 laicos
482 847 553 893 eum
572 826 799 892 communicare
818 826 974 894 debuisse.
998 826 1141 908 equidem
1161 831 1283 892 constet
1301 848 1392 919 eum,

266 938 303 1000 ut
323 937 442 1000 Paulus
466 933 627 1016 apostolus
649 933 769 1016 probet,
792 933 969 998 ministrum
996 932 1094 997 fuisse
1121 932 1295 997 uoluntatis
1321 933 1383 1008 dei.
1410 954 1422 991 a

266 1041 400 1125 etquid
431 1039 553 1116 mirum,
586 1038 614 1104 si
640 1042 673 1102 et
698 1038 818 1104 iudices
844 1039 955 1123 pagani
981 1038 1115 1102 ministri
1129 1039 1309 1104 uoluntatis
1334 1038 1384 1103 dei

266 1145 425 1213 aestimari
443 1146 623 1209 meruerunt
640 1146 782 1228 apostolo
802 1145 936 1210 dicente:
960 1163 1028 1208 non
1047 1143 1126 1208 sine
1146 1163 1257 1208 eausa
1273 1145 1382 1208 iudex

266 1252 430 1338 gladium
457 1250 606 1333 portet?
629 1252 679 1314 est
706 1251 788 1314 enim
814 1250 954 1314 minister
974 1248 1145 1313 uoluntatis
1169 1248 1228 1312 dei.
1255 1267 1326 1312 narn
1350 1252 1381 1312 et

264 1356 421 1424 Macarius
452 1355 485 1418 in
521 1374 578 1420 suo
614 1354 706 1419 iudex
741 1355 838 1420 fuisse
869 1354 1043 1422 uidebatur.
1080 1355 1192 1436 quodsi
1222 1374 1282 1419 non
1314 1355 1380 1417 eret

265 1461 358 1525 iudex
380 1461 412 1524 in
436 1478 482 1535 eo,
506 1459 589 1540 quod
612 1458 697 1537 fecit,
721 1458 890 1523 secundum
912 1459 999 1542 leges
1017 1459 1172 1523 Romanas
1190 1478 1208 1523 a
1224 1457 1379 1522 iudicibus
1396 1475 1420 1512 10

264 1567 297 1633 in
316 1585 385 1632 eum
407 1565 516 1629 debuit
532 1564 693 1632 uindicari.
717 1566 771 1628 aut
793 1563 820 1629 si
843 1564 947 1630 dicitis
969 1584 1027 1630 nec
1050 1565 1096 1631 sio
1118 1585 1190 1630 eum
1213 1564 1380 1631 communi·

266 1691 335 1737 cere
358 1670 514 1748 debuisse,
536 1689 594 1735 nos
616 1672 721 1734 temen
743 1689 804 1735 non
826 1670 982 1749 uidemus,
1001 1672 1074 1754 quia
1096 1672 1205 1737 debuit
1226 1671 1382 1748 abstineri,
1412 1664 1413 1668 ’

265 1777 320 1860 qui
342 1776 375 1840 id
396 1777 459 1841 tale
481 1776 566 1854 fecit,
591 1775 674 1858 quod
691 1775 809 1840 factum
830 1780 879 1841 est
897 1796 916 1840 a
932 1777 1052 1861 Moyse,
1072 1796 1165 1861 quem
1182 1780 1255 1861 post
1270 1777 1385 1861 uiginti

264 1884 325 1946 tria
346 1882 434 1946 milia
456 1882 618 1946 bominum
645 1881 750 1946 occisa
777 1881 854 1948 deus
882 1902 943 1948 non
971 1885 1196 1949 contemnendo
1223 1883 1383 1960 abstinuit,

266 1987 322 2053 sed
343 1990 380 2051 ut
403 2007 510 2052 secum
532 1988 712 2070 loqueretur
734 1987 848 2052 iterum
875 1989 1032 2057 inuitauit.
1069 2010 1126 2055 nos
1154 2010 1214 2055 non
1241 1989 1385 2054 uidemus
1403 2004 1427 2044 1⁶

265 2093 484 2157 abstinendum
507 2093 605 2158 fuisse
628 2112 711 2170 eum,
730 2093 784 2175 qui
801 2094 886 2173 fecit,
906 2096 989 2176 quod
1010 2095 1153 2172 Phineos,
1178 2115 1270 2176 quem
1291 2097 1384 2177 paulo

266 2200 337 2261 aute
359 2199 542 2277 memorent,
566 2199 620 2281 qui
642 2200 679 2264 ab
702 2199 770 2281 ipso
790 2198 847 2264 deo
865 2219 920 2281 pro
938 2200 1105 2265 homicidio
1123 2199 1242 2263 laudeni
1259 2200 1383 2263 meruit.

264 2323 325 2369 non
356 2303 483 2368 uidetur
513 2305 615 2389 magis
647 2305 736 2389 uobis
768 2303 974 2376 abstinendus.
1001 2305 1100 2367 fuisse
1132 2303 1174 2380 is,
1208 2321 1226 2365 e
1257 2323 1318 2386 quo
1350 2305 1383 2369 id

264 2408 382 2472 factum
405 2411 462 2486 est,
486 2409 570 2492 quod
592 2408 629 2472 eb
652 2407 744 2472 Helie
769 2405 928 2489 propheta,
952 2406 1005 2487 qui
1027 2408 1076 2469 tot
1097 2405 1193 2470 falsos
1214 2409 1383 2491 prophetes

264 2511 388 2577 occidit.
411 2533 482 2578 nem
502 2517 534 2581 et
550 2515 622 2579 illos
639 2514 735 2577 falsos
753 2497 843 2577 uates
860 2511 958 2576 fuisse
976 2511 1038 2575 iam
1058 2531 1152 2594 supra
1168 2514 1382 2594 probauimus.
1400 2538 1426 2577 eo

308 2617 340 2684 7.
373 2618 436 2685 Sed
462 2623 499 2684 ut
524 2620 600 2682 haec
628 2617 768 2699 example
794 2616 952 2695 sileantur,
981 2616 1121 2683 dicamus
1150 2622 1182 2682 et
1208 2638 1276 2698 nos,
1300 2623 1383 2702 quod

265 2723 383 2804 dicitis,
428 2745 514 2791 reum
555 2721 652 2785 fuisse
688 2720 873 2789 Menenium:
921 2722 1033 2805 quodsi
1077 2723 1153 2804 fuit,
1200 2732 1381 2793 accusatore

265 2828 377 2893 silente
400 2848 426 2905 a,
440 2829 528 2895 nobis
551 2846 612 2892 non
634 2826 728 2891 licuit
750 2827 910 2893 abstineri.
949 2829 1101 2912 scriptum
1129 2834 1178 2896 est
1197 2834 1287 2897 euim
1309 2836 1380 2897 ante

265 2935 422 3018 cognitam
446 2952 571 3000 oensem
589 2931 743 2998 nemiuem
763 2951 831 2998 esse
851 2934 1071 3004 damnandum.
1096 2937 1199 3018 dicite,
1219 2938 1289 3020 quie
1307 2957 1377 3001 eum
1481 3008 1483 3010 ,

264 3039 427 3105 accusauit
457 3042 489 3105 et
519 3039 644 3103 auditus
679 3059 741 3106 non
777 3041 834 3105 est.
876 3042 970 3106 dicite
1000 3043 1171 3108 Macerium
1204 3043 1378 3108 confessum
1396 3061 1421 3101 aa

267 3162 336 3208 esse
368 3145 492 3227 culpem
523 3147 556 3209 et
586 3148 724 3212 nostram
756 3145 881 3212 siluisse
914 3151 1119 3214 sententiam?
1156 3168 1263 3215 sumus
1295 3148 1378 3212 enim

266 3247 508 3334 qualescumque
529 3249 650 3316 iudices
672 3251 704 3315 in
729 3250 869 3327 ecclesie,
898 3254 980 3335 quod
1008 3257 1041 3318 et
1064 3253 1126 3338 ipsi
1152 3273 1212 3318 nou
1244 3255 1377 3337 negatiS,

266 3353 348 3432 quod
387 3374 444 3420 nos
480 3355 599 3421 iudices
637 3377 763 3445 seueros
800 3357 909 3422 debere
950 3359 1047 3425 fuisse
1083 3358 1279 3427 contenditis.
1316 3382 1377 3427 non

270 3576 272 3580 Α
352 3511 1375 3591 mmerammmmuwmmm

266 3598 592 3675 mmemm

301 3720 314 3775 1
335 3720 479 3792 episcopali
498 3728 518 3794 (i
535 3731 583 3794 fita.
596 3745 663 3785 conr.
677 3731 707 3784 in
721 3746 735 3782 e
747 3748 781 3786 m.
796 3736 826 3801 2)
843 3730 867 3785 0
916 3734 932 3786 2
945 3733 1061 3803 uestigia
1076 3735 1102 3801 (a
1116 3749 1183 3789 conr.
1197 3752 1229 3790 ee
1239 3756 1254 3791 o
1263 3755 1298 3794 m.
1313 3743 1341 3803 2)
1355 3739 1379 3792 0

265 3835 399 3907 nemetis]
412 3838 525 3910 ⁴eecpliea't
536 3842 564 3896 B
634 3843 650 3897 3
669 3804 753 3914 capuli
772 3847 846 3912 (tm.
866 3844 890 3912 1)
906 3847 935 3902 R
1005 3850 1021 3902 5
1038 3848 1186 3904 uoluntatis
1207 3852 1330 3922 dei-qui
1347 3855 1373 3906 in

265 3923 362 3979 iudicio
383 3927 420 3995 (p.
441 3923 499 3991 181,
520 3927 547 3994 l)
566 3948 617 3987 om.
629 3932 657 3987 R
731 3933 748 3986 6
766 3932 789 3984 si
808 3934 860 3987 sint
873 3935 901 3986 et
913 3934 1052 3991 iudicesO
1127 3938 1144 3991 9
1162 3941 1221 4009 suo]
1238 3940 1307 3993 facto
1326 3956 1372 3992 suo

71 4018 97 4055 Β
264 4012 309 4065 ecl
326 4014 431 4069 saeculo
450 4013 518 4068 cont.
539 4016 656 4074 Gaaaub.
710 4019 744 4073 16
760 4019 842 4074 finees
859 4019 908 4075 OG
960 4025 995 4078 24
1012 4028 1152 4092 cognatam
1171 4027 1197 4098 (a
1209 4027 1289 4095 price
1305 4041 1371 4079 conr.

116 4164 119 4171 Ι
160 4111 169 4121 ”
265 4098 295 4158 in
312 4101 322 4152 i
339 4119 373 4159 m.
392 4102 420 4169 2)
442 4101 466 4155 0
549 4103 583 4157 28
602 4106 656 4162 iud.
675 4122 732 4162 esse
750 4123 827 4163 ueros
846 4107 917 4176 tere,
936 4112 990 4167 iud.
1009 4115 1154 4169 seueriores
1172 4115 1240 4170 coni.
1257 4114 1374 4169 inantus

143 4225 159 4263 Ι.
265 4188 384 4257 quidam,
402 4206 509 4245 seueros
526 4191 623 4260 screbat
693 4186 800 4249 deberes
819 4198 843 4263 (a
861 4196 911 4251 del.
929 4217 962 4254 m.
983 4201 1011 4266 2)
1033 4185 1067 4254 (l⁸
