3044 4656
259 292 323 356 214
735 279 907 356 Appendix

257 487 316 544 tate
337 485 503 559 gaudemus,
526 483 601 541 hanc
622 483 797 540 uoluntatem
821 497 883 539 esse
907 483 1028 551 constet,
1056 484 1089 539 ut
1116 498 1198 541 omne
1224 480 1383 545 humanum.

257 590 348 647 genus
374 572 404 632 in
432 589 579 632 commune
607 570 767 629 consentiat
794 573 822 628 11
848 570 969 643 quodam
998 570 1144 629 societatis
1170 571 1275 629 affectu
1298 572 1378 645 quasi

256 661 361 720 mutuis
383 661 558 733 amplexibus
581 659 746 733 glutinetur,
770 675 828 717 non
851 657 967 716 dubium
991 661 1035 716 est
1055 658 1183 718 haeresis
1205 662 1234 717 et
1256 659 1380 732 schisma

257 749 419 817 adiabolo,
448 748 496 822 qni
520 750 609 821 caput
636 750 680 805 est
705 746 840 816 malitiae,
868 745 1056 820 processisse;
1085 749 1115 805 et
1139 747 1214 817 ideo,
1243 747 1379 821 quicquid

257 838 293 896 ab
315 836 466 895 haereticis
489 836 605 910 geritur,
630 835 690 894 eius
713 834 851 893 instinctu
874 832 944 905 fieri,
969 834 1018 908 qui
1037 852 1131 904 eornm
1150 852 1252 894 sensus
1270 839 1379 895 mentes
1409 848 1424 889 1

257 925 502 999 cogitationesque
528 923 666 998 possedit,
694 919 774 980 nulla
801 922 940 980 dubitatio
969 923 1020 981 est
1057 941 1121 986 uam
1150 940 1213 982 cum
1241 924 1379 984 eiusmodi

255 1012 384 1073 homines
406 1013 436 1071 in
459 1029 512 1071 sua
528 1013 670 1086 potestate
687 1009 839 1084 redegerit.
857 1009 967 1068 hisdem
984 1028 1187 1085 usquequaque
1206 1012 1377 1071 dominatur.

205 1100 327 1176 ss.quid
350 1104 443 1160 autem
466 1100 534 1160 boni
556 1099 668 1158 efficere
690 1099 819 1168 insanus,
842 1097 977 1170 perfidus,
1003 1098 1199 1173 inrelegiosus,
1228 1101 1376 1173 profanus,

257 1191 310 1248 deo
334 1189 502 1258 contrarius,
527 1187 664 1246 ecclesiae
687 1191 802 1246 sanotae
820 1185 951 1244 inimicus
968 1189 1073 1257 potest,
1093 1186 1142 1260 qui
1159 1204 1178 1244 1
1196 1187 1247 1245 deo
1265 1191 1374 1258 sancto,

256 1277 429 1347 uero,iusto,
439 1293 547 1335 summo
557 1279 642 1349 11111
653 1275 776 1334 omnium
787 1274 898 1333 domino
909 1274 1044 1332 recedens
1054 1306 1097 1315 —
1107 1275 1217 1348 quinos
1228 1275 1377 1333 constituit
1394 1290 1420 1329 ro

257 1368 285 1424 et
305 1365 336 1424 in
362 1365 416 1422 hac
441 1365 504 1423 luce
530 1364 673 1439 produxit,
702 1363 750 1437 qui
777 1361 906 1437 spiritum
933 1362 970 1420 ad
995 1361 1083 1421 uitam
1111 1380 1195 1437 quam
1222 1362 1372 1436 carpimus,

257 1453 336 1511 dedit
351 1455 379 1512 11
401 1455 450 1525 qui
471 1469 525 1511 nos
547 1453 586 1521 id,
607 1452 682 1525 quod
700 1469 781 1509 snum
801 1466 862 1509 esse
880 1450 980 1520 noluit,
1000 1446 1029 1509 11
1047 1451 1142 1509 omnia
1159 1469 1211 1509 sua
1227 1451 1373 1527 uoluntate

255 1541 375 1615 perfecit
402 1573 443 1581 —
470 1541 508 1599 ad
535 1539 642 1598 diaboli
668 1542 778 1613 partem
804 1555 894 1613 prono
927 1555 1020 1598 errore
1051 1538 1193 1598 decurrit?
1231 1541 1280 1598 sed
1308 1539 1376 1613 quia

256 1628 343 1688 semel
365 1645 515 1704 possessus
539 1628 649 1686 animus
672 1645 690 1685 1
712 1627 786 1686 malo
811 1660 852 1668 -
875 1639 993 1686 necesse
1020 1630 1065 1686 est
1093 1628 1217 1688 doctoris
1239 1628 1284 1686 sui
1307 1644 1375 1702 ope-

255 1717 334 1776 ribus
355 1717 462 1775 instare
485 1749 527 1758 -
551 1733 585 1774 ea
607 1715 744 1790 perficiat,
775 1733 847 1789 quae
875 1715 1012 1789 aequitati
1035 1719 1064 1774 et
1085 1717 1211 1780 iustitiae
1234 1715 1377 1775 contraria
1393 1729 1420 1770 rs

255 1806 415 1876 uideantur,
438 1805 545 1863 idcirco
568 1804 598 1874 ii,
624 1805 672 1878 qni
696 1823 713 1863 a
736 1804 850 1877 diabolo
872 1805 1007 1879 possessi,
1023 1807 1099 1878 sunt,
1123 1805 1183 1863 eins
1206 1805 1325 1864 falsitati
1348 1807 1376 1862 et

255 1894 398 1967 nequitiae
430 1893 613 1952 obsecuntur.
651 1909 710 1951 non
738 1895 832 1951 autem
858 1892 991 1951 miratum
1019 1897 1063 1952 est
1089 1911 1107 1950 a
1133 1894 1218 1952 bouis
1240 1893 1375 1968 inprobos

256 1981 415 2051 discedere;
451 1998 519 2039 nam
549 1981 591 2039 sic
622 1986 698 2039 recte
729 1980 882 2055 prouerbio
920 1981 1064 2055 signatum
1101 1985 1159 2040 est:
1196 2000 1281 2057 pares
1312 1999 1374 2042 cum

237 2070 372 2144 paribus
395 2069 571 2143 congregari.
609 2068 658 2142 qui
680 2069 755 2128 malo
778 2069 883 2143 impiae
906 2070 1010 2127 mentis
1032 2070 1131 2129 infecti
1154 2074 1230 2138 sunt,
1259 2087 1375 2129 necesse

256 2161 300 2216 est
326 2175 344 2216 a
370 2160 470 2217 nostra
495 2158 633 2217 societate
662 2158 829 2217 dissideant.
865 2157 964 2217 homo
992 2158 1165 2230 siquidem
1192 2160 1315 2239 malus,
1343 2161 1420 2216 utao

255 2246 395 2321 scriptura
420 2246 558 2320 loquitur,
592 2247 631 2304 de
658 2247 746 2304 malo
776 2246 941 2304 thesauro
969 2247 1104 2321 profert
1130 2247 1231 2316 mala,
1265 2247 1375 2305 bonus

254 2351 335 2394 uero
360 2352 398 2393 ex
420 2334 510 2394 bono
533 2334 670 2409 profert
692 2335 826 2394 bonum.
850 2334 901 2392 sed
925 2334 1001 2406 quia,
1025 2334 1182 2393 utdictum
1201 2334 1374 2405 111111111-

254 2422 305 2481 tici
328 2425 357 2480 et
379 2422 562 2492 schismatici,
583 2423 631 2496 qui
653 2423 759 2482 bonnm
782 2422 974 2494 relinquentes
998 2423 1027 2478 et
1048 2421 1153 2479 melum
1175 2425 1318 2480 sectantes
1342 2441 1375 2481 ea

254 2509 415 2582 perficiunt,
448 2528 520 2584 quac
553 2511 604 2570 deo
638 2511 817 2585 displiceant,
851 2509 973 2578 diabolo,
1004 2509 1052 2581 qui
1079 2525 1175 2568 eornm
1207 2513 1289 2583 pater
1315 2513 1373 2582 est,

255 2597 450 2672 adprobantur
485 2599 655 2669 adhaerere,
694 2597 850 2656 rectissime
884 2599 912 2654 et
942 2597 1086 2671 sapienter
1117 2599 1244 2672 grauitas
1279 2601 1376 2658 uestra
1392 2611 1420 2652 ao
1450 2667 1452 2670 Α

254 2685 324 2745 fecit
350 2689 379 2744 et
404 2688 559 2746 secuudum
587 2689 714 2746 sanctum
741 2684 807 2742 fidei
834 2688 1017 2759 praeceptum
1044 2685 1081 2743 ab
1109 2703 1207 2745 eorum
1232 2687 1375 2761 peruersis

255 2773 486 2834 contentionibus
509 2775 695 2851 temperando
719 2776 749 2830 et
769 2772 880 2830 hisdem
904 2773 1084 2845 remittendo,
1115 2777 1191 2849 quod
1217 2776 1292 2835 idem
1320 2776 1373 2834 sibi

254 2862 412 2922 indebitum
436 2866 520 2937 atque
544 2865 667 2922 alienum
685 2879 824 2936 usurpare
843 2863 1028 2934 contendunt,
1048 2880 1094 2934 ne,
1115 2865 1199 2923 sicuti
1217 2867 1262 2924 111
1279 2881 1375 2924 eorum

253 2952 427 3026 peruersitas
449 2953 575 3025 maligna
602 2954 631 3009 11
656 2950 774 3023 perfida,
803 2952 840 3009 ad
867 2951 1021 3010 seditiones
1048 2969 1139 3026 usque
1161 2956 1377 3026 prorumperent

255 3041 285 3096 11
310 3039 384 3099 inter
410 3041 510 3100 turbas
538 3044 623 3114 atque
652 3042 807 3098 concentus
835 3040 879 3098 sui
906 3040 1013 3107 similes
1039 3041 1194 3099 incitarent
1220 3043 1305 3114 atque
1333 3041 1375 3098 111
1393 3055 1419 3094 ao

255 3126 363 3199 aliquid
387 3130 545 3197 exsisteret,
571 3128 647 3202 quod
674 3128 768 3187 sedari
795 3143 853 3185 non
881 3130 1034 3202 oporteret.
1074 3130 1240 3187 sceleratum
1269 3129 1375 3204 quippe

180 3256 181 3259 ¹
256 3231 350 3285 eorum
372 3217 549 3292 propositum
573 3233 685 3290 semper
707 3214 827 3290 requirit
848 3215 955 3275 diaboli
979 3234 1065 3290 opera
1085 3217 1229 3290 perficere.
1260 3219 1288 3273 et
1309 3217 1374 3276 ideo

255 3319 317 3361 cnm
340 3321 358 3362 a
380 3304 577 3365 sacerdotibus
601 3303 647 3363 dei
668 3322 721 3379 per
741 3302 910 3379 patientiam
934 3321 996 3362 cum
1019 3305 1081 3379 ipso
1104 3321 1155 3363 suo
1181 3306 1262 3378 patre
1289 3322 1375 3380 supe-

254 3393 327 3463 rant,
352 3393 408 3453 sibi
426 3393 456 3464 ii,
477 3392 526 3466 qni
544 3393 669 3452 cultores
689 3393 734 3452 dei
752 3390 854 3451 summi
871 3391 1000 3465 gloriam,
1020 3391 1062 3451 illi
1079 3400 1146 3451 uero
1164 3392 1379 3452 damnationem·

203 3509 247 3550 111
256 3483 413 3555 conparent
435 3484 463 3539 et
486 3482 630 3555 condigna
652 3480 801 3556 supplicia.
834 3497 867 3536 ex
887 3480 943 3539 hoc
966 3481 1069 3555 quippe
1091 3480 1182 3538 maius
1205 3481 1250 3539 dei
1273 3483 1421 3541 summias

255 3568 374 3628 exsistat
404 3568 564 3643 iustiusque
595 3570 740 3639 iudicium,
779 3568 853 3642 quod
886 3585 934 3628 eos
967 3585 1055 3643 11111
1087 3568 1180 3627 animo
1212 3570 1316 3628 tolerat
1347 3576 1375 3629 et

254 3656 395 3729 patientia
417 3659 589 3715 condemnat
610 3657 656 3715 bis
680 3658 782 3727 omnia,
808 3672 879 3730 quae
903 3659 938 3716 ab
961 3656 1031 3732 ipsis
1053 3660 1263 3730 processerunt,
1287 3659 1373 3717 susti-

347 3891 378 3945 11
398 3892 442 3946 cfr.
464 3889 517 3946 cro.
538 3891 605 3949 cato
622 3909 657 3945 m.
677 3893 702 3956 1,
722 3895 736 3945 r
790 3855 888 3949 1111.
907 3895 1002 3949 nanu.
1022 3895 1045 3947 7.
1066 3895 1108 3951 rr.
1128 3895 1160 3949 11

293 4021 472 4075 luolumtate
491 4018 518 4072 0
580 4021 839 4092 3gluttiuentnr0
901 4024 1011 4079 5111111
1027 4023 1085 4078 cdd.
1149 4021 1373 4080 roomiueturo

258 4090 576 4158 mosellanica.
632 4093 800 4146 1811111111
851 4093 1021 4166 1911111110
1071 4095 1105 4149 25
1123 4096 1300 4167 adprobantur
1312 4093 1370 4146 edd.

254 4161 290 4214 26
308 4160 374 4215 facit
391 4161 450 4217 cdd.
505 4162 703 4216 elesiario
756 4163 790 4216 34
806 4164 907 4218 illiso
954 4167 1225 4237 1511111111111
