3044 4656
467 339 583 392 Liber·
607 340 776 409 quartus,
797 355 818 392 e.
837 300 914 391 4-5.
964 335 967 340 ’
1192 343 1252 406 107

136 536 360 598 testamentum
396 534 506 598 recitas
544 535 576 597 et
610 536 830 598 testamentum
870 551 930 597 nun
971 551 1087 611 seruas,
1124 533 1156 597 in
1193 551 1254 614 quo

138 638 292 721 descripta
315 642 364 704 est
386 640 570 723 disciplina?

180 747 212 811 ὅ.
229 745 330 810 Electi
353 746 439 822 estis,
463 746 517 828 qui
540 745 683 810 sedentes
704 746 856 829 populum
879 681 1078 825 doceatis‚et
1063 746 1237 811 tdetrahit'
1229 766 1255 811 rs

137 849 225 914 nobis
248 850 356 932 utique
379 850 526 915 fratribus
549 851 674 916 uestris.
698 850 854 933 queniam,
879 849 969 931 sicut
985 869 1081 935 supra
1101 852 1172 931 dixi,
1195 871 1255 916 una

106 959 191 1022 inus
223 958 325 1020 mater¹
353 957 486 1021 ecclesia
516 957 634 1040 genuit,
667 974 747 1020 unus
779 975 836 1021 nus
864 956 941 1021 deus
963 959 1051 1040 pater
1073 958 1201 1041 excepit,
1226 961 1257 1022 et

133 1065 239 1127 tamen
263 1062 408 1127 scandala
430 1065 537 1127 contra
559 1082 615 1128 nos
638 1063 754 1146 punitis
776 1062 949 1127 mandando
973 1063 1114 1145 singulis,
1138 1083 1176 1128 ne
1199 1083 1256 1128 nos

136 1171 281 1243 salutent,
305 1188 343 1233 ne
367 1189 385 1232 a
407 1170 497 1234 nubis
520 1168 733 1253 dignationem
756 1169 919 1252 accipiant.
948 1166 1139 1242 'considerate
1161 1170 1257 1235 uerba

134 1274 295 1358 superbiae
317 1278 451 1352 uestrae,
476 1271 667 1341 considerate
695 1271 858 1353 tractatus,
887 1273 1078 1367 censiderate
1101 1276 1255 1352 mandata,

134 1384 223 1447 actus
260 1400 383 1463 queque
419 1384 542 1446 uestros
578 1382 736 1447 reuoluite.
772 1384 803 1446 et
838 1379 1004 1447 inuenietis
1051 1382 1154 1447 oleum
1204 1399 1256 1444 ue-

90 1506 115 1544 10
135 1490 235 1574 strum
271 1486 425 1564 timuisse,
464 1487 517 1567 qui
551 1489 692 1571 rogabat.
724 1488 831 1551 nullus
864 1490 1003 1552 uestrum
1036 1491 1094 1565 est,
1119 1488 1172 1569 qui
1194 1506 1255 1552 non
1288 1480 1289 1484 ’
1329 1543 1331 1546 ,
1416 1494 1418 1498 “

136 1592 277 1657 conuicia
309 1595 414 1656 nostra
446 1592 511 1655 suis
543 1591 727 1657 tractatibus
755 1593 895 1669 misceat,
924 1595 978 1675 qui
1004 1613 1064 1657 nun
1092 1597 1146 1657 aut
1172 1594 1257 1657 alind

134 1697 240 1760 initiet
271 1699 326 1758 aut
357 1695 442 1758 aliud
479 1695 620 1775 explicet.
660 1696 810 1760 lectiones
847 1696 1017 1761 dominicas
1052 1698 1198 1779 incipitis,
1226 1701 1258 1761 et

136 1803 291 1864 tractatus
327 1801 449 1862 uestros
491 1798 529 1860 ad
569 1801 691 1865 nostras
731 1800 859 1865 iniurias
901 1801 1073 1882 explicatis3
1113 1798 1260 1884 profertis

138 1904 337 1986 euangelium
369 1905 400 1967 et
435 1902 539 1968 facitis
575 1905 697 1969 absenti
731 1905 818 1969 fratri
853 1905 1045 1981 conuicium;
1082 1906 1257 1970 auditorum

94 2031 117 2069 ιι
139 2010 250 2074 animis
285 2008 449 2074 infunditis
490 2009 570 2087 odia,
606 2009 785 2075 inimicitias
823 2010 960 2091 docendo
997 2009 1145 2086 suadetis,
1181 2011 1258 2075 haec

138 2116 243 2181 omnia
273 2114 402 2179 dicendo
435 2118 508 2180 cont
508 2135 542 2180 ra
572 2135 628 2183 nos
662 2116 806 2180 scandala
837 2116 962 2200 ponitis.
987 2135 1059 2200 ergo
1092 2115 1259 2197 unicuique
1294 2134 1299 2141 ’

137 2223 279 2286 uestrum
316 2219 435 2284 dictum
473 2224 535 2284 est:
578 2221 710 2286 sedens
752 2221 932 2286 aduersus
967 2220 1120 2285 frarem
1156 2223 1259 2284 tuum

138 2328 340 2392 denotabas
374 2329 410 2390 et
441 2326 621 2392 aduersus
653 2327 778 2391 filium
809 2327 938 2391 matris
974 2329 1060 2396 tuae
1096 2327 1259 2409 ponebas
1312 2369 1313 2372 κ

139 2433 364 2499 scandalum.
397 2431 471 2497 dum
503 2429 697 2515 peccatorem
734 2433 838 2517 arguit
869 2436 901 2497 et
933 2433 1092 2497 sedentem
1122 2431 1263 2514 increpat

94 2559 120 2598 ao
140 2540 227 2614 dene,
251 2538 426 2621 specialiter
441 2537 479 2601 ad
497 2557 555 2602 uus
574 2538 693 2602 dictum
712 2557 780 2630 esse
800 2540 932 2616 constat,
955 2557 1015 2617 uun
1039 2537 1078 2602 ad
1099 2530 1260 2621 pupulum,

140 2643 195 2725 qui
225 2644 257 2708 in
290 2643 421 2708 ecclesia
456 2643 517 2708 non
552 2643 669 2708 habent
704 2643 831 2709 sedendi
862 2643 1032 2708 licentiam.
1065 2643 1154 2708 uides
1187 2661 1260 2725 ergo

141 2750 248 2832 procul
271 2748 365 2812 dubio
393 2747 484 2811 uubis
511 2748 646 2838 inputari
674 2748 794 2827 debere,
820 2767 889 2813 curn
913 2747 990 2822 dicit
1012 2747 1103 2812 deus:
1128 2746 1261 2811 sedens

142 2856 321 2920 aduersus
348 2854 472 2917 filium
500 2854 629 2917 matris
653 2856 737 2916 tuae
759 2855 922 2935 ponebas
947 2854 1130 2917 scandala.
1168 2870 1262 2915 unam
1332 2871 1334 2877 ·

141 2965 272 3027 matrem
295 2980 351 3024 nus
374 2960 486 3024 habere
512 2959 574 3022 iam
597 2957 711 3022 totiens
744 2959 931 3041 conprobaui
965 2977 1023 3042 nec
1059 2977 1117 3022 uus
1149 2977 1261 3042 negare

233 3235 264 3287 17
284 3233 306 3286 dc
324 3232 358 3285 22
375 3231 419 3285 Ps.
437 3231 481 3293 49,
498 3230 532 3283 20

180 3428 193 3480 l
212 3426 372 3494 testamento
390 3432 444 3476 non
458 3422 546 3475 vseruis
558 3418 585 3474 d
603 3421 661 3487 (sed
678 3421 726 3487 cfr.
740 3436 770 3488 p.
786 3420 844 3484 106,
866 3422 890 3472 1.
909 3419 949 3488 2);
968 3418 1012 3472 lu'c
1029 3423 1067 3472 est
1084 3419 1150 3474 ordo
1173 3419 1204 3473 ia
1228 3421 1261 3474 d:

143 3513 336 3568 testamentum
371 3509 545 3564 recitas-est
580 3506 732 3577 disciplina:
770 3504 899 3575 quomodo
935 3504 1136 3559 dicis-habeas
1170 3523 1262 3574 pacem

147 3606 188 3670 (p.
205 3601 263 3667 106,
277 3601 321 3666 21)
373 3599 388 3652 3
402 3597 492 3669 electi]
509 3597 572 3650 lecti
585 3597 681 3650 coaice.
698 3594 815 3648 Oasuub.
832 3593 859 3660 (i.
875 3609 897 3646 e.
914 3594 1048 3663 ‘scriptum
1063 3596 1104 3647 est
1118 3593 1150 3647 de
1164 3594 1260 3663 uubis')

145 3693 162 3746 8
189 3691 320 3742 tractatus
346 3687 472 3741 mandata
489 3686 559 3740 RBu
633 3685 795 3752 {laetusque
814 3683 841 3735 B
912 3684 940 3736 et
957 3698 1006 3735 om.
1026 3682 1112 3736 RBcb
1166 3686 1194 3736 et
1220 3683 1260 3736 iu·

146 3776 344 3845 uenietis-qui
369 3772 482 3845 rogabat
513 3773 563 3827 del.
590 3773 664 3841 Dap.
697 3787 766 3840 quae
787 3787 844 3824 uua
869 3769 1037 3824 relucerent
1068 3786 1127 3824 cum
1154 3785 1262 3838 praece-

147 3867 270 3923 dentibus
280 3863 504 3932 autsepueutcbus
519 3863 562 3923 ,11
574 3864 621 3915 ιιιι
630 3878 679 3916 om.
696 3860 738 3914 Ga
775 3859 922 3913 minitata
936 3859 1037 3928 (sempe.
1055 3858 1143 3912 Cocbl.
1163 3860 1259 3923 mutet)

147 3958 205 4026 aut]
237 3958 265 4008 et
293 3952 335 4007 Ge
441 3952 473 4006 15
505 3950 605 4004 animas
627 3948 738 4017 infigitis
760 3947 830 4001 RBu
917 3945 1019 4003 udiuu
1106 3939 1261 3997 inimicitias

126 4041 282 4098 suadendo
312 4038 424 4107 (ducetis
450 4037 514 4093 add.
542 4036 650 4106 Barth.)
679 4035 796 4088 docendo
821 4032 939 4088 suadetis
960 4049 980 4096 a¹
1048 4032 1080 4087 18
1104 4030 1262 4100 denotabas]

149 4130 306 4187 detrahebas
330 4109 352 4182 d
376 4129 437 4195 (cfr.
456 4145 486 4196 p.
512 4127 571 4190 105,
596 4127 637 4191 19)
711 4117 743 4177 19
764 4123 825 4176 dum
847 4118 1166 4192 peccatoram-punebas
1186 4133 1260 4170 scan-

151 4218 210 4274 dula
229 4220 265 4286 (u.
284 4218 328 4286 23)
348 4231 399 4268 οιιι.
420 4213 445 4268 G
515 4213 577 4267 dum
595 4228 646 4292 um.
664 4211 734 4266 RBu
787 4210 819 4264 21
839 4210 921 4264 habet
940 4210 999 4264 edd.
1013 4213 1121 4276 praeter
1139 4222 1160 4259 c·

310 4538 313 4541 .
325 4480 476 4541 .··.ιῖ.·;-.··,ιῖ’ῧιίιι
