3044 4656
564 330 679 385 Liber
703 333 904 401 septimus,
930 349 953 388 c.
976 334 1000 387 1.
1290 335 1349 400 16ῖ

229 523 366 610 possint.
391 520 576 585 damnentur
606 522 638 584 et
657 519 715 600 illi,
739 523 792 602 qui
812 525 946 590 ferentes
971 524 1071 603 libros
1095 520 1178 606 legis
1198 521 1353 588 temerarii

220 648 271 714 se
293 627 458 712 rapacibus
485 624 577 690 undis
604 624 766 689 fluminum
794 626 987 694 erediderunt
1012 629 1047 694 et
1068 637 1102 693 ss
1122 626 1248 694 liberari
1269 627 1353 714 eupi-

231 736 329 799 eutes·
348 732 515 816 scripturas
537 732 569 796 iu
592 731 685 796 undis
708 749 724 795 e
747 730 813 796 suis
834 733 980 799 manibus
1002 732 1198 801 dimiserunt.
1230 752 1302 822 ergo
1325 735 1352 802 si

238 838 391 922 scriptura
416 856 478 902 nna
505 840 564 914 est,
588 838 621 902 et
646 836 725 901 hano
753 835 808 918 qui
829 853 952 902 seruare
975 854 1036 902 000
1056 839 1170 921 potuit,
1191 858 1263 908 reus
1285 845 1350 922 est;

187 945 316 1010 salter
346 943 438 1008 undis
468 942 607 1020 tradidit,
639 941 718 1006 alter
743 939 902 1007 rosoribus
932 940 1045 1008 bestiis
1075 942 1249 1030 dereliquit,
1270 950 1351 1017 alius

153 1044 155 1048 ’
237 1050 397 1117 stillicidio
429 1047 653 1131 corrumpenda
683 1047 829 1132 neglexit,
861 1045 939 1112 alter
968 1050 1055 1115 metu
1084 1052 1196 1120 mortis
1224 1055 1352 1122 territus

236 1156 328 1222 homo
347 1155 466 1221 homini
484 1154 589 1230 dedit;
610 1154 638 1219 si
655 1164 753 1232 unum
771 1155 830 1232 est,
849 1151 934 1235 quod
951 1153 989 1219 ab
1008 1156 1152 1247 omnibus
1165 1157 1352 1238 admittitur,

235 1281 329 1346 quare
360 1261 496 1346 eligitur,
520 1261 573 1345 qui
602 1260 775 1338 damnetur,
799 1276 872 1326 cum
897 1257 999 1350 leuior
1019 1262 1111 1349 eulpa
1132 1263 1177 1331 011
1194 1266 1353 1335 traditoris

235 1388 329 1452 quam
352 1367 573 1452 neglegentis?
597 1366 744 1449 quiante
766 1384 872 1454 mures
899 1365 1006 1448 posuit
1030 1372 1085 1455 aut
1109 1366 1169 1439 sub
1192 1372 1354 1442 stillicidio

195 1493 220 1532 ro
235 1474 374 1557 reliquit,
397 1473 561 1537 uoluntate
583 1472 753 1557 neglegens
774 1471 846 1549 fuit,
865 1472 898 1535 et
920 1470 1021 1553 quiin
1038 1473 1135 1543 fluuio
1151 1481 1296 1564 perdidit,
1315 1477 1354 1544 de

235 1578 412 1644 temeritate
443 1577 603 1660 peccauit3
636 1577 690 1659 qni
716 1579 803 1640 metu
829 1575 938 1641 mortis
959 1578 1078 1662 aliquid
1099 1582 1236 1663 tradidit,
1258 1587 1353 1652 homo

164 1721 165 1724 π
236 1682 356 1767 homini
386 1680 490 1757 dedit;
521 1682 677 1765 integrum
709 1683 779 1745 erat
806 1679 888 1763 apud
918 1679 1053 1762 dantem,
1083 1686 1239 1771 integrum
1271 1687 1354 1770 apud

238 1786 451 1869 accipientem.
480 1785 516 1862 si,
541 1785 595 1866 qui
622 1784 744 1868 accipit,
762 1784 1052 1862 flammistradidit,
1069 1791 1233 1868 peccatum
1254 1789 1356 1874 magis

239 1890 436 1977 accendentis
467 1893 526 1969 est,
548 1906 610 1955 non
640 1889 801 1955 tradentis.
833 1889 910 1956 haee
942 1889 971 1955 si
1001 1908 1020 1953 a
1048 1890 1217 1958 maioribus
1242 1894 1357 1960 uestris

184 2014 223 2086 ..¹³
239 1995 424 2074 dicerentur,
446 1995 567 2078 quando
589 1995 662 2060 illos
684 1995 832 2079 repellere
851 2014 870 2059 e
886 1995 1230 2082 nostracommunione
1251 2017 1357 2084 posse·

239 2105 336 2167 mus?
355 2101 383 2167 si
401 2102 496 2167 etiam
508 2100 655 2167 Antiochi
667 2100 751 2186 regis
764 2103 905 2185 tempora
918 2102 1160 2167 commemorare
1174 2103 1357 2184 uoluissent,

109 2219 112 2221 ’
240 2207 353 2292 quibus
387 2225 494 2272 omnes
525 2205 634 2271 Iudaei
674 2206 774 2273 eoacti
805 2208 888 2282 sunt,
919 2208 957 2270 ut
986 2205 1083 2270 libros
1114 2206 1146 2270 10
1182 2205 1358 2276 incendium

154 2324 156 2328 ‘
240 2315 357 2398 darent,
382 2317 414 2379 01
442 2313 488 2377 ita
518 2313 665 2378 uniuersa
678 2329 680 2335 ’
695 2312 849 2396 scriptura
880 2311 952 2376 data
983 2314 1041 2389 est,
1064 2314 1102 2376 ut
1123 2331 1200 2395 apex
1221 2331 1303 2378 uuus
1325 2316 1358 2379 in

240 2421 343 2504 aliquo
365 2420 444 2484 libro
462 2420 590 2484 minime
607 2418 829 2484 remansisset?
848 2418 885 2483 de
903 2417 1028 2484 Iudaeis
1045 2418 1101 2484 illo
1115 2420 1253 2503 tempore
1267 2438 1358 2485 nemo

200 2539 227 2578 ω
241 2524 404 2590 damnatus
432 2528 482 2590 est
507 2543 564 2590 000
592 2543 610 2588 0
637 2523 694 2589 deo
716 2523 769 2588 uel
792 2524 829 2590 ab
854 2522 958 2606 aliquo
981 2523 1092 2607 angelo
1113 2523 1146 2588 10
1170 2541 1357 2609 quemquam

155 2663 157 2667 ·
238 2630 389 2695 Iudaeum
416 2633 466 2695 est
495 2631 562 2696 ulla
589 2630 673 2695 dicta
700 2630 863 2708 sententia,
892 2629 965 2711 quia
989 2631 1281 2715 peecatumfueret
1301 2630 1359 2695 im-

238 2735 374 2819 perantis
397 2739 429 2800 et
449 2737 607 2814 minantis,
630 2754 691 2802 000
722 2737 830 2819 populi
861 2755 933 2802 eum
954 2739 1088 2803 tremore
1111 2742 1144 2803 et
1165 2738 1270 2804 dolore
1298 2737 1357 2802 tra·

239 2842 351 2907 dentis.
384 2842 437 2923 qui
458 2842 637 2907 Antiochus¹
662 2861 702 2906 00
727 2841 850 2921 aliquid
878 2842 1038 2925 primitiuo
1069 2842 1185 2925 populo
1213 2841 1358 2908 00001000

233 2931 406 3023 uideretur,
426 2946 533 3010 statim
547 2945 684 3028 prouidit
702 2943 788 3034 dens,
807 2946 843 3007 01
859 2966 914 3029 per
931 2968 1028 3012 nuum
1046 2947 1204 3013 hominem
1217 2946 1357 3023 Esdram,

193 3066 219 3105 ’ὁ
239 3051 298 3137 qui
311 3053 410 3118 lector
428 3051 537 3118 eodem
555 3052 693 3133 tempore
709 3047 877 3128 dicebatur,
890 3054 958 3117 tota
968 3054 1028 3131 lex,
1044 3053 1126 3117 01001
1141 3051 1356 3129 enteafuerat

239 3160 289 3224 ad
300 3158 421 3244 apicem
444 3156 623 3222 dictaretur.¹
646 3153 692 3219 sic
709 3156 856 3238 tyrannus
871 3155 1044 3223 Antiochus
1061 3159 1198 3224 fructum
1214 3157 1356 3244 maligni-

238 3265 312 3329 tatis
340 3283 415 3329 suae
442 3263 554 3327 habere
581 3280 642 3327 000
668 3261 780 3343 potuit,
804 3259 878 3325 dum
904 3266 1025 3346 praeter
1052 3263 1172 3345 septem
1193 3262 1301 3330 fratres
1325 3268 1356 3329 01
1458 3322 1462 3329 .

238 3389 335 3433 uuum
349 3369 503 3434 seniorem
515 3385 644 3432 carnem-
660 3365 785 3430 suillam
802 3365 989 3449 manducare
1008 3368 1215 3435 detrectantes
1233 3371 1355 3436 nullum
1446 3364 1453 3384 ²

238 3471 388 3546 iudaeum
411 3472 525 3551 occidit
543 3475 575 3536 01
590 3472 640 3550 lex
658 3471 754 3554 perire
773 3491 833 3537 000
851 3472 965 3555 potuit.
984 3473 1031 3547 0101
1048 3476 1080 3539 01
1096 3477 1237 3557 parentes
1255 3477 1352 3542 uestri

195 3592 221 3631 ³⁰
240 3581 377 3660 tempore
401 3598 457 3644 suo
481 3597 537 3644 nec
560 3578 622 3662 ipsi
645 3578 739 3644 occisi
762 3580 836 3643 sunt
857 3579 889 3643 01
910 3577 983 3643 libri
1003 3577 1093 3664 legis
1107 3579 1276 3654 dominicae
1294 3583 1353 3648 toti

239 3684 354 3768 ubique
384 3685 560 3762 recitantur,
584 3684 613 3749 si
633 3686 774 3768 parentes
807 3683 915 3763 uestri,
938 3685 975 3748 ut
1001 3703 1094 3768 supra
1115 3685 1185 3767 diri,
1208 3688 1285 3752 haec
1308 3687 1352 3750 di-

240 3792 353 3866 cerent,
377 3790 445 3872 quis
467 3791 539 3856 illos
561 3792 593 3855 in
617 3809 706 3856 suam
728 3790 976 3856 communionem
1006 3792 1066 3857 000
1092 3778 1244 3876 intrepide
1266 3810 1351 3857 acee-

238 3896 347 3980 pisset,
362 3894 426 3971 ubi,
445 3898 483 3959 01
500 3895 618 3960 dictum
636 3898 701 3971 ost,
712 3898 895 3979 peccauerat
912 3896 1091 3976 necessitas,
1105 3916 1165 3963 000
1183 3899 1350 3962 uoluntas?

325 4084 359 4139 re
377 4082 422 4140 cs.
439 4085 455 4140 1
470 4084 591 4140 unaco.
611 4085 635 4150 ι,
650 4066 687 4140 γ00
748 4085 783 4138 24
800 4085 846 4140 00.
860 4084 961 4141 1000.
977 4085 992 4138 r
1048 4085 1083 4143 as
1097 4087 1143 4142 cc.
1155 4086 1184 4140 11
1195 4084 1345 4141 uaesana

275 4207 308 4261 13
325 4208 349 4261 si
366 4206 460 4277 quisb
513 4207 547 4261 24
563 4207 680 4262 Haedum
699 4208 792 4276 (etc)t

1205 4264 1217 4329 1
