3044 4656
374 322 396 376 I.
416 322 499 377 cesta
516 323 588 394 apud
605 323 786 393 zenophilum.
806 323 841 378 11.
860 323 929 378 Aeta
946 325 1113 395 purgationis
1130 326 1236 382 Felicis.
1303 333 1363 397 197

247 523 281 579 ut
301 519 382 579 fieret
402 521 569 595 presbyter?
589 519 805 580 crescentianus
828 520 911 579 dixit:
935 521 997 579 uidi
1018 521 1120 582 allatos
1143 525 1280 599 cophinos
1302 543 1367 586 oum

248 609 378 683 pecunia.
415 608 586 683 zenophilus
614 625 642 667 u.
667 624 692 668 c.
715 608 872 667 consularis
895 609 1093 670 crescentiano
1121 611 1204 672 dixit:
1234 615 1279 673 cui
1306 616 1367 674 dati

248 698 316 755 sunt
342 696 477 771 cophini?
508 694 725 756 crescentianus
753 694 835 755 dixit:
869 697 1001 771 episcopo
1032 698 1157 759 Siluano.
1193 701 1366 776 zenophilus
1475 733 1476 736 ι

247 803 275 843 u.
308 800 333 843 o.
366 784 523 844 consularis
556 784 640 844 dixit:
677 783 792 844 Siluano
824 783 884 842 dati
915 788 1000 844 eunt?
1033 786 1249 848 crescentianus
1280 791 1364 850 dixit:
1485 825 1487 828 ·

247 873 371 932 Siluano.
395 871 566 948 zenophilus
587 890 616 932 u.
636 889 661 932 c.
685 871 841 933 consularis
864 873 947 932 dixit:
967 875 1072 948 populo
1095 875 1167 934 nihil
1189 878 1286 936 datum
1304 882 1364 938 esti

245 960 405 1035 respondit:
437 961 524 1033 nihil:
551 977 669 1029 neeesse
697 963 749 1033 est,
776 963 810 1020 ut
836 963 865 1019 et
890 978 943 1020 nos
970 960 1080 1036 aliquid
1110 965 1311 1040 acciperemus,
1339 967 1365 1026 si

244 1048 489 1121 distribuerentur,
514 1049 589 1109 sieut
610 1047 694 1110 solet.
717 1049 890 1124 Zenophilus
912 1068 940 1109 u.
960 1067 985 1110 o.
1009 1051 1164 1112 consularis
1186 1055 1365 1115 Nundinario

121 1198 123 1202 ,
244 1137 327 1196 dixit:
352 1137 421 1212 quid
436 1137 521 1197 aliud
544 1139 579 1197 de
598 1138 799 1214 crescentiano
821 1140 905 1213 putas
929 1155 992 1198 esse
1010 1140 1228 1214 requirendum?
1250 1143 1364 1202 Nundi-

242 1227 339 1285 narius
363 1225 447 1285 dixit:
470 1227 555 1302 ipsud
573 1230 627 1286 est.
651 1228 822 1301 zenophilus
845 1245 873 1286 u.
894 1244 918 1286 e.
943 1228 1100 1288 consularis
1122 1229 1206 1290 dixit:
1231 1232 1363 1305 quonium

196 1321 221 1360 ¹⁰
243 1314 277 1374 de
305 1315 436 1375 omnibus
464 1315 681 1375 crescentianus
713 1317 903 1375 subdiaconus
935 1314 1101 1389 simpliciter
1132 1321 1278 1380 confessus
1310 1322 1362 1390 est,

242 1404 454 1462 submoneatur.
759 1418 760 1422 ’

284 1492 357 1549 Item
378 1491 496 1549 inducto
519 1493 549 1548 et
570 1491 705 1562 adplicito
728 1491 861 1571 Ianuario
889 1491 1062 1552 subdiacono
1084 1494 1256 1568 zenophilus
1283 1510 1313 1554 u.
1337 1510 1362 1553 c.

241 1576 398 1635 consularis
422 1575 506 1634 dixit:
530 1577 594 1649 quis
616 1575 748 1635 uocatis?
770 1576 919 1650 respondit
940 1608 953 1638 ι
972 1612 986 1642 s
1004 1613 1018 1642 ι

198 1905 222 1945 ιι
285 1889 373 1946 Aeta
395 1885 616 1960 purgationis
638 1884 767 1946 Felicis
791 1884 950 1960 episcopi
972 1884 1224 1956 Autumnitani.
1369 1909 1414 1950 25.

285 1975 345 2037 sein
366 1972 521 2047 municipio
539 1971 809 2032 Autumnitanorum
829 1971 975 2031 Gallienus
999 1972 1099 2032 duouir
1121 1973 1205 2031 dixit:
1230 1973 1362 2046 quoniam
1379 1962 1384 1968 '⁴

239 2054 376 2139 prae'sens
399 2080 439 2133 es,
463 2061 632 2132 caeciliane,
657 2060 724 2119 audi
745 2061 855 2120 litteras
879 2059 986 2119 domini
1008 2060 1064 2120 mei
1085 2061 1150 2120 Aeli
1171 2060 1285 2118 Paulini
1307 2061 1363 2120 uiri

239 2151 406 2227 spectabilis
429 2149 541 2225 agentis
563 2149 698 2208 uicariam
720 2149 936 2223 praefecturam,
957 2147 1026 2223 quid
1047 2149 1144 2208 iubere
1167 2148 1206 2208 sit
1228 2149 1361 2223 dignatus

239 2242 394 2300 seeundum
418 2239 568 2314 epistolam
590 2238 627 2296 ad
649 2255 701 2297 nos
724 2237 832 2308 datam,
854 2254 928 2310 ¹quae
956 2237 1100 2296 declarare
1122 2239 1152 2296 ts
1174 2236 1311 2312 conpellit
1333 2240 1362 2297 et

195 2348 220 2386 so
238 2330 371 2401 scribam,
403 2344 487 2402 quem
517 2325 644 2386 habuisti
674 2328 743 2384 tuuc
774 2324 910 2400 temporis
942 2325 1197 2385 administrationis
1228 2326 1304 2398 tuae,
1333 2329 1362 2385 et

237 2417 418 2478 tabularium.
442 2415 493 2475 sed
516 2414 650 2490 quoniam
672 2415 831 2473 tabularius
854 2413 915 2473 eius
937 2409 1073 2488 temporis
1095 2414 1156 2472 uita
1172 2414 1288 2472 functus
1306 2415 1359 2485 est,

239 2509 269 2584 et
289 2523 392 2565 omnes
419 2505 500 2564 aetus
527 2502 781 2562 administrationis
807 2504 873 2561 tuae
900 2503 1057 2561 seeundum
1086 2501 1172 2560 fidem
1202 2501 1360 2562 litterarum
1446 2546 1448 2551 ,

239 2593 364 2652 eiusdem
386 2593 442 2652 urei
465 2592 570 2652 domini
585 2594 682 2650 tecum
700 2590 824 2664 perferre
843 2590 962 2650 debebis
980 2594 1009 2649 et
1026 2588 1064 2649 ad
1082 2589 1221 2650 coloniam
1240 2590 1359 2649 cartha·
1453 2585 1455 2592 ’

238 2681 396 2754 giniensem
432 2698 495 2738 cunr
530 2680 624 2739 scriba
654 2682 703 2739 tuo
734 2678 876 2754 proticisci
906 2696 1023 2738 necesse
1056 2681 1109 2738 est.
1150 2694 1284 2752 praesens
1316 2681 1361 2736 est

195 2784 221 2823 rs
239 2770 365 2837 curator,
395 2768 448 2826 sub
479 2767 559 2825 cuius
589 2767 779 2839 praesentiam
809 2784 862 2826 uos
892 2767 1088 2841 conpellimus.
1138 2766 1207 2839 quid
1238 2765 1274 2822 ad
1304 2765 1359 2826 hoc

238 2857 413 2930 respondes?
444 2854 619 2913 caecilianus
646 2853 730 2912 dixit:
757 2868 823 2909 mox
849 2856 886 2912 ad
909 2873 957 2914 me
984 2854 1134 2929 epistolam
1160 2852 1224 2911 Aeli
1246 2851 1360 2912 Paulini

237 2945 293 3004 uiri
316 2940 480 3018 spectabilis
503 2939 614 3015 agentis
636 2937 773 2998 sicariam
794 2941 1003 3011 praefecturam>
1018 2939 1187 3015 pertulistis,
1207 2939 1303 2998 stetim
1321 2940 1358 2999 ad

238 3032 361 3094 scribam
387 3029 519 3090 Miooium
549 3026 623 3098 misi,
651 3025 770 3096 ueniret,
798 3029 830 3083 ut
856 3031 920 3086 ecto
945 3030 1036 3104 ipsius
1062 3027 1198 3102 temporis
1229 3027 1359 3086 confecta

238 3122 309 3180 mihi
332 3119 491 3188 obtulisset,
516 3118 544 3176 et
565 3132 655 3188 usque
678 3113 770 3192 bdhuc
788 3112 919 3188 inquirit:
944 3120 972 3176 et
990 3117 1123 3191 quoniam
1141 3131 1200 3174 non
1217 3115 1357 3176 modicum

222 3306 224 3312 ’
325 3305 353 3359 Π
365 3307 410 3359 cfr.
423 3303 514 3357 Baluz.
533 3302 551 3355 l.
565 3317 586 3354 o.
605 3319 631 3371 p.
644 3302 691 3365 81;
705 3299 813 3354 Voelter
825 3298 843 3352 1.
863 3315 884 3352 c.
898 3315 929 3367 p.
946 3300 976 3353 11
991 3316 1033 3368 ιφ
1046 3295 1166 3354 Deutsch
1179 3300 1197 3353 l.
1212 3315 1233 3353 c.
1247 3316 1271 3368 p.
1286 3300 1355 3370 9'sq.
1445 3259 1446 3262 Ἴ

239 3376 273 3431 16
287 3374 333 3429 cfr.
352 3374 444 3445 Optat.
464 3375 487 3438 l,
507 3373 553 3437 273
571 3372 640 3442 sug.
660 3389 681 3427 e.
699 3369 784 3426 cresc.
802 3371 828 3434 3,
847 3369 892 3431 703
912 3385 952 3438 ep.
971 3370 1013 3433 88,
1032 3371 1050 3424 4
1462 3390 1463 3393 ’

275 3462 481 3516 icccofinos
500 3459 567 3529 (i)G
600 3458 791 3529 8requirenda
805 3460 833 3526 (ιι
852 3471 918 3510 eras.
937 3456 1092 3523 sidetem
1133 3456 1164 3510 10
1182 3457 1357 3528 simplseoiter

239 3532 394 3656 (αἱιεηωιιὲ
412 3529 539 3635 eras.)b0
591 3531 623 3584 12
641 3529 792 3584 diaconoD
846 3527 878 3580 13
896 3527 976 3581 uerbo
993 3526 1131 3596 respondit
1145 3534 1220 3598 posta
1238 3529 1356 3598 obsaepta

238 3608 302 3657 aaut
318 3603 350 3656 in
420 3604 515 3657 0124
916 3605 917 3608 ’

275 3673 307 3726 lb
339 3604 712 3728 hczyri—AVTVMNITANI
740 3682 841 3725 summ
870 3669 902 3722 in
925 3664 994 3736 folio
1022 3670 1073 3721 26·
1094 3668 1157 3723 add.
1188 3686 1222 3725 m.
1252 3685 1302 3724 rec.
1333 3668 1357 3722 c

239 3745 309 3813 aeta]
328 3746 405 3812 gesta
421 3743 480 3798 edd.
500 3743 559 3809 (aed
576 3743 624 3811 cfr.
642 3742 796 3810 sabsmipt.)
884 3740 1061 3809 hptungitani
1079 3741 1106 3794 B
1195 3741 1227 3794 16
1246 3745 1309 3794 oete
1325 3739 1354 3791 in

239 3814 355 3869 ceteriec.
373 3830 407 3866 m.
430 3819 486 3867 aut.
509 3813 532 3867 c
600 3812 712 3866 duouiru
733 3813 762 3877 c,
781 3812 832 3876 (sie
853 3811 972 3879 abipso),
995 3809 1118 3866 duumuir
1138 3811 1197 3866 edd.
1223 3809 1352 3892 (sect-cfr.

241 3902 362 3970 Georpes,
380 3900 427 3954 lat.
446 3899 552 3968 Lectis.)
642 3900 674 3954 17
692 3900 752 3954 Aeli
769 3899 812 3967 Ρ.]
831 3898 922 3952 Uarini
939 3898 1006 3953 coni.
1025 3898 1052 3951 B
1124 3899 1176 3952 uiri
1193 3899 1245 3967 sp]
1262 3912 1311 3966 usp
1333 3894 1356 3948 c

239 3974 291 4040 (eto
307 3974 419 4040 seraper)
475 3971 507 4025 18
520 3970 543 4025 ta
556 3972 590 4025 27
605 3987 686 4041 agens
703 3971 725 4025 c
776 3970 811 4023 24
828 3986 888 4024 eum
906 3970 1004 4039 scripta
1020 3969 1106 4024 tuac
1121 3973 1202 4038 (cerr.
1215 3968 1352 4033 Messon.)

237 4060 286 4098 nee
309 4059 366 4096 esse
390 4040 445 4095 cc
456 4106 458 4111 .
529 4042 563 4095 26
585 4040 768 4111 respondimus
792 4043 861 4106 (mus
882 4041 1046 4111 perobseur.)
1072 4041 1095 4096 c
1180 4036 1307 4106 epistolae
1333 4036 1357 4090 0

238 4114 273 4168 28
299 4114 360 4167 misi
377 4112 451 4166 uenit
468 4113 499 4165 ut
520 4112 548 4175 c,
566 4112 628 4166 misi
649 4115 681 4166 ut
702 4113 806 4170 ueniret
828 4115 856 4165 et
872 4110 900 4164 B
917 4111 946 4164 D
964 4112 996 4178 (l.
1015 4128 1036 4167 e.
1051 4129 1080 4181 p.
1099 4113 1136 4178 9),
1162 4109 1223 4162 misi
1251 4108 1354 4162 ueniret

238 4192 270 4237 ut
286 4185 382 4252 empse·
430 4182 467 4236 ³29
485 4180 646 4252 inquiretc
712 4185 740 4236 et
756 4198 806 4237 om.
825 4179 885 4236 edd.
