3044 4656
115 313 177 379 ΧΠ
564 302 776 369 Praefatio.

115 509 207 573 netur
236 523 273 569 ea
302 500 429 576 ratione,
462 517 523 581 qua
555 498 673 582 singuli
702 497 774 561 libri
805 496 1017 563 terminantur.
1050 500 1111 572 iam
1143 515 1234 583 supra

115 611 292 677 monuimus
326 607 358 670 in
395 605 510 670 libmm
545 604 592 668 ΠΙ
627 605 732 670 locum
774 623 808 668 er
847 603 978 685 septimo
1018 605 1097 671 libro
1138 609 1239 670 truns-¹
1295 558 1318 781 ἲ

114 715 251 799 positum
286 730 365 776 esse.
402 729 502 794 neque
537 729 611 776 uero
647 710 724 775 haec
759 709 959 790 transpositio
995 709 1132 792 Dupinio
1173 710 1236 776 sni·

115 822 208 889 lecit:
244 839 280 884 ex
313 816 386 881 libri
420 817 465 881 IV
496 815 600 880 uerbis
633 801 777 881 extremis
809 816 973 878 mutuatus
1006 817 1056 880 est
1085 815 1158 880 libri
1188 816 1236 886 III
1308 862 1341 1081 ἱ

116 908 250 992 extrema
271 920 340 1007 (cir.
365 924 438 996 101,
463 923 501 997 9;
526 921 599 999 117,
624 923 663 1005 1),
687 939 765 1003 quae
788 939 826 984 11
853 919 962 985 eodem
985 919 1237 1002 amplificationis

115 1034 147 1098 et
175 1028 403 1096 retractationis
436 1026 540 1092 studio
564 1029 632 1092 orte
655 1045 724 1092 esse
748 1026 893 1108 equidem
915 1025 1000 1089 haud
1023 1026 1098 1092 scio.
1123 1027 1236 1110 quodsi
1268 1019 1270 1022 ’

114 1139 146 1201 et
170 1137 226 1201 lib.
256 1133 316 1197 VH
349 1133 558 1202 additamenta
581 1132 731 1197 continet
750 1134 782 1195 et
811 1130 843 1195 in
874 1130 1029 1214 prioribus
1064 1132 1153 1198 libris
1185 1133 1237 1197 ad-

113 1241 354 1305 ditamentorum
377 1239 546 1322 specimina
568 1228 756 1321 deteguntur
782 1238 835 1328 uel
863 1255 919 1302 suo
947 1239 1016 1303 loco
1043 1240 1096 1304 uel
1122 1239 1233 1315 alieno,

112 1344 268 1427 duplicem
290 1344 466 1409 traditionis
489 1345 606 1409 fontem
630 1361 699 1408 esse
722 1342 923 1408 statuendum
945 1344 1009 1408 iam
1030 1347 1127 1434 patet.

88 1498 89 1502 ,
155 1449 312 1532 Dupinius
336 1449 373 1513 de
397 1447 504 1531 Optati
525 1449 614 1513 libris
637 1449 754 1530 optime
781 1448 910 1514 meritus
932 1450 1114 1534 Hieronymi
1146 1449 1232 1514 testi-

110 1554 215 1619 monio
230 1559 264 1620 et
276 1554 463 1637 quibusdam
477 1555 557 1618 inter
575 1572 628 1618 ser
644 1553 762 1636 priores
781 1556 813 1619 et
830 1555 999 1637 septimum
1018 1554 1231 1637 discrepantiis

111 1658 200 1726 nisus
230 1661 346 1725 librum
371 1660 462 1724 illum
488 1660 588 1742 primo
615 1659 723 1724 reiecit
745 1658 848 1746 (coco.
880 1661 1250 1737 11111111111111111

112 1765 210 1832 eccles
238 1786 274 1847 p.
308 1764 395 1852 118),
428 1765 588 1832 codicibus
618 1766 767 1848 inspectis
799 1766 1044 1831 additamentum
1076 1758 1232 1849 quoddam
1272 1822 1275 1829 .

112 1871 284 1956 triplexad
305 1876 369 1938 tres
393 1870 618 1956 Optatilibros
642 1873 949 1951 111111111111111
974 1873 996 1940 l.
1020 1872 1082 1936 Vll
1107 1892 1176 1955 opp.
1201 1874 1230 1948 1,

113 1981 144 2059 2,
177 1981 197 2044 3
228 1977 268 2041 ad
297 1967 415 2042 libr‘um
445 1980 591 2063 primum,
625 1998 693 2062 epp.
726 1982 756 2057 4,
790 1981 809 2043 5
842 1978 881 2042 ad
911 1978 1006 2042 finem
1028 1978 1157 2042 secundi
1178 1977 1232 2057 uel

113 2083 233 2169 quarti,
251 2080 372 2166 reliqua
403 2104 481 2167 quae
514 2086 551 2150 de
573 2086 710 2150 Macerio
743 2080 883 2166 agantur,
907 2082 946 2145 11
967 2083 1095 2145 tertium
1116 2082 1232 2146 librum

65 2211 69 2224 ·
111 2188 285 2256 reuocanda
297 2189 472 2256 uideantur.
492 2192 559 2265 siue
578 2186 805 2252 retractationis
824 2186 891 2250 siue
906 2185 1108 2250 additamenti
1126 2186 1230 2250 studio

113 2300 216 2361 ortum
253 2312 321 2359 esse
361 2293 452 2358 illum
479 2294 605 2357 vlibrum
641 2311 826 2373 persuasum
861 2290 1024 2370 babemus,
1059 2289 1090 2355 in
1130 2289 1233 2356 Sirioii

111 2420 208 2484 papae
245 2399 547 2475 commemoratione,
585 2414 678 2477 quam
715 2414 808 2476 supra
840 2395 939 2478 attigi,
975 2395 1060 2459 baud
1092 2397 1156 2462 scio
1193 2416 1232 2461 an

111 2505 227 2570 nodum
259 2522 387 2587 quaeras
419 2502 551 2565 nullum.
582 2500 678 2565 immo
703 2498 805 2566 Siricii
834 2519 946 2565 nomen
968 2493 1109 2586 catalogo
1131 2503 1232 2586 ponti·
1267 2490 1269 2492 ’

110 2609 206 2674 ficum
244 2610 454 2674 Romanorum
494 2608 604 2689 postea
642 2605 794 2670 insertum
834 2606 1021 2672 documento
1056 2607 1146 2672 nobis
1184 2611 1233 2672 est
1264 2654 1265 2659 1
1308 2676 1314 2702 N

112 2713 262 2798 Optatam
283 2715 379 2780 libros
407 2732 480 2778 suos
508 2713 570 2778 iam
598 2711 698 2778 editos
720 2713 930 2796 uulgatosqno
954 2713 1176 2798 rocognouisse
1189 2717 1232 2797 ¹et

112 2822 245 2886 auxisse.
276 2821 384 2886 eodem
415 2820 557 2903 pertinet,
581 2817 665 2902 quod
694 2818 726 2882 in
759 2818 975 2903 episcoporum
991 2821 1231 2890 Donatistarum
1334 2845 1341 2879 a

111 2945 238 2991 numero
261 2926 438 2992 Macrobius
465 2926 624 2991 inducitur
650 2925 744 2991 uinus
767 2924 814 3011 (p.
837 2927 890 3004 37,
915 2925 970 3013 18)
993 2928 1026 2992 11
1052 2928 1111 2994 sub
1137 2927 1230 2991 finem

30 3071 32 3094 1
112 3032 251 3097 eiusdem
274 3033 385 3115 capitis
408 3033 469 3096 duo
492 3032 578 3096 illius
601 3051 797 3098 successores
815 3032 971 3098 Lucienus
991 3037 1023 3098 et
1040 3033 1229 3100 0111111111

112 3137 292 3201 adferuntur
306 3134 354 3222 (p.
366 3138 418 3214 30,
430 3134 463 3222 8)
474 3138 582 3201 —sed
596 3138 651 3202 cfr.
666 3141 758 3222 paulo
773 3139 852 3202 infra
865 3138 1048 3223 marginalia
1060 3139 1092 3204 in
1107 3139 1175 3204 eod.
1190 3139 1233 3206 G,

78 3257 104 3286 ¹¹⁸
157 3239 265 3325 Optati
286 3242 358 3307 libri
379 3245 562 3325 plerumque
583 3242 703 3312 laudari
730 3245 833 3309 solent
864 3244 977 3310 additis
1009 3244 1114 3309 uerbis
1138 3263 1226 3322 ,con

37 3364 86 3392 111
113 3349 161 3412 tra
182 3347 421 3413 Parmenianum
446 3347 661 3412 Donatistam“
691 3350 743 3413 uel
775 3350 941 3429 similibus,
973 3355 1052 3433 quae
1075 3369 1114 3415 ne
1135 3351 1229 3416 unius

50 3474 52 3478 ⁴
113 3453 239 3535 quidem
275 3453 390 3518 codicis
430 3453 491 3522 fide
523 3454 701 3535 probantur.
734 3474 809 3528 nam
850 3455 1044 3539 singulorum
1078 3456 1228 3522 librorum

109 3557 327 3640 inscriptiones
347 3558 652 3641 subscriptionesque
669 3559 748 3625 nibil
766 3561 896 3625 offerunt
913 3560 997 3626 aliud
1015 3580 1109 3643 quam
1122 3560 1229 3643 optate·

112 3661 185 3727 Mil.
217 3663 288 3727 libri
317 3664 333 3728 I
365 3661 432 3749 (Il.
450 3712 458 3729 .
475 3665 497 3744 .)
528 3664 721 3746 1111111111
750 3665 916 3749 (Explicit)
941 3664 1072 3731 111111
1094 3664 1224 3754 (11...)

110 3788 135 3832 1.
172 3766 286 3850 Optata.
323 3770 355 3834 in
391 3760 497 3836 codiee
532 3770 747 3836 tantummodo
774 3771 919 3837 Remensi
955 3771 994 3836 ad
1026 3772 1118 3837 finem
1153 3769 1225 3834 libri

110 3875 215 3944 ultimi
264 3876 384 3941 addidit
426 3876 570 3942 librarius
615 3877 763 3942 accersas
803 3876 1047 3942 Parmenionem
1076 3874 1223 3942 111111111-

112 4002 215 4046 coram
244 3987 406 4046 auctorem.
439 4001 531 4064 quare
564 3983 639 4048 satis
661 3983 739 4048 mihi
761 3985 865 4050 uisum
889 3986 937 4048 est
957 3983 1084 4049 inscribi
1109 3981 1223 4045 librum

112 4089 252 4172 neglecto
286 4087 368 4172 quod
391 4107 426 4152 en
452 4087 709 4154 bibliothecarum
732 4089 882 4173 catalogis
904 4089 1069 4173 inrepsisse
1100 4086 1224 4150 uidetur

111 4194 330 4260 additamento.
