3044 4656
253 295 319 358 162
581 247 1026 352 s.0pmarmneumem

252 484 323 548 sont
351 478 507 562 principes
539 477 646 554 uestri,
684 477 796 560 quibus
827 476 945 562 legitur
974 477 1098 544 Baruclr
1133 479 1248 544 librum
1284 478 1382 562 legis,-

190 602 192 606 ’
252 607 346 671 quem
369 605 404 651 ex
427 603 478 649 ore
496 583 673 648 Hieremiae
690 582 860 666 prophetae
878 582 1056 666 exceperat,
1071 583 1238 650 tradidisse
1257 584 1375 653 scribae
1443 628 1444 632 =

252 691 344 758 Iudin
376 692 409 755 et
433 708 451 754 a
472 687 665 772 principibus
688 688 771 773 regis
793 687 917 754 iussum
940 707 1019 768 esse,
1043 692 1081 754 ut
1103 693 1136 755 et
1156 689 1224 774 ipse
1241 689 1376 767 Baruch,

254 798 310 882 qui
341 797 513 879 exceperat,
547 795 579 858 et
603 792 792 871 Hieremias,
824 812 879 877 per
909 814 1002 877 quem
1035 794 1112 860 deus
1143 796 1269 862 locutus
1301 799 1376 870 erat,

255 904 398 989 lugerent
433 904 466 965 et
499 899 642 964 laterent.
686 899 861 966 Hieremias
896 900 1044 980 dictabat,
1081 902 1205 967 Baruch
1236 900 1375 980 tradidit,
1405 925 1417 962 a

254 1010 399 1094 fugerant
426 1006 532 1081 ambo;
565 1004 605 1069 ad
626 999 766 1072 Ioachim
792 1026 897 1092 regem
919 1007 998 1072 liber
1020 1006 1144 1072 adlatus
1167 1011 1225 1086 est,
1246 1007 1302 1091 qui
1323 1026 1375 1072 rex

254 1133 326 1180 cum
349 1115 419 1178 ante
443 1131 476 1178 se
497 1129 552 1195 pro
576 1111 727 1194 qualitate
754 1113 904 1196 temporis
931 1112 1036 1197 frigidi
1064 1114 1183 1177 arulam
1212 1114 1376 1178 habuisset

245 1220 412 1285 ardentem
453 1216 486 1282 et
515 1216 631 1281 librum
663 1235 682 1281 a
711 1218 803 1283 ludin
835 1218 936 1284 scriba
961 1219 1126 1288 recitatum
1153 1238 1214 1305 non
1241 1219 1374 1283 libenter

256 1323 440 1402 audiuisset‚
459 1321 589 1388 subinde
609 1323 768 1389 concisum
785 1322 963 1388 minutatim
985 1323 1111 1407 ignibus
1130 1322 1308 1406 imponebat.
1341 1326 1373 1387 et

255 1450 316 1496 non
344 1428 442 1495 iratus
470 1429 519 1492 est
545 1427 621 1492 dens
648 1428 702 1492 uel
722 1427 907 1505 Hieremiae,
930 1428 985 1511 qni
1006 1429 1138 1513 fugerat,
1162 1428 1423 1507 uelBaruclr,1o

256 1522 405 1619 quicum
429 1553 464 1599 eo
487 1532 611 1617 fugiens
634 1532 816 1609 tradideram
848 1533 963 1614 quibus
991 1534 1019 1600 si
1046 1533 1124 1600 deus
1151 1535 1249 1600 iratum
1277 1538 1371 1613 esset,

255 1641 295 1706 od
321 1640 504 1724 prophetam
532 1638 667 1720 aliquem
694 1639 826 1703 alterum
852 1640 1045 1723 loqueretn13
1077 1660 1137 1706 non
1165 1633 1372 1718 adulterum,

255 1745 320 1812 sed.
337 1745 385 1812 ad,
403 1745 508 1829 ipsum
534 1744 723 1811 Hieremiam
753 1744 880 1812 locutus
912 1749 970 1812 est
994 1746 1040 1812 sic
1067 1747 1150 1813 enim
1175 1747 1305 1833 legitur:
1337 1750 1374 1821 et

257 1853 383 1918 lactus
420 1855 477 1916 est
514 1870 631 1917 sermo
664 1850 802 1916 domini
834 1852 878 1917 ad
907 1853 1147 1934 Hieremiam,
1178 1855 1374 1938 postquam

196 2012 198 2017 .
250 1958 453 2050 ⁴conbussit
495 1976 556 2022 rer
597 1957 806 2041 capitulum
841 1959 930 2026 libri
967 1961 1005 2025 et
1038 1979 1241 2037 sermones,
1282 1977 1417 2042 quesn

256 2063 412 2147 scripsit
432 2062 584 2128 Baruchx
600 2081 641 2127 er
664 2081 723 2128 ore
746 2065 964 2134 Hieremiae.
990 2066 1085 2131 dixit
1107 2067 1197 2130 deus
1225 2065 1271 2129 ad
1290 2057 1374 2130 Hie·

256 2169 424 2244 remiam:
448 2167 574 2251 accipe
597 2168 669 2232 tibi
692 2169 856 2234 chartam
880 2172 1034 2236 alteram
1054 2174 1090 2235 et
1107 2170 1230 2235 scribe
1248 2188 1373 2235 omnes

257 2265 444 2342 sermones
467 2275 568 2351 tuos,
592 2273 654 2354 qui
676 2275 765 2337 tunc
789 2277 893 2340 erant
915 2275 1047 2358 scripti
1069 2275 1105 2339 in
1127 2275 1372 2364 libro,‘quem

257 2376 456 2469 combussit
485 2375 650 2448 Ioachim
672 2394 732 2440 rex
754 2377 886 2458 Indae,
913 2397 984 2444 ecce
1011 2396 1068 2444 nec
1091 2378 1168 2442 deus
1190 2378 1288 2445 iratus
1312 2385 1371 2461 est,
1434 2416 1436 2420 ·

255 2477 318 2542 uec'
335 2477 389 2558 qui
411 2480 529 2543 arserat
549 2478 641 2560 perit,
663 2497 721 2568 nec
742 2464 866 2545 Barucb
887 2480 1016 2563 punitus
1039 2484 1096 2561 eat,
1119 2501 1176 2549 nec
1197 2485 1372 2553 Hieremias
1389 2511 1416 2550 so

255 2600 274 2645 a
301 2578 358 2644 deo
386 2584 588 2663 contemptus¹
612 2584 673 2659 est;
702 2583 784 2648 unde
810 2577 946 2668 apparet,
973 2587 1057 2669 quod
1078 2588 1110 2654 in
1127 2590 1191 2664 ,hac
1212 2610 1245 2657 re
1267 2594 1372 2678 grauis

257 2694 426 2769 numquam
448 2683 544 2748 buerit
565 2684 666 2769 culpa,
686 2705 779 2776 quam
796 2708 965 2773 numquam
986 2693 1092 2777 potuit
1113 2687 1203 2779 sequi
1223 2698 1373 2765 uindicta.

212 2829 215 2834 ι
257 2793 285 2858 si
311 2792 388 2857 baec
413 2792 557 2875 parentes
583 2791 682 2858 uestri
703 2791 892 2878 adlegerent,
920 2797 990 2880 quis
1016 2799 1090 2866 illos
1116 2803 1370 2869 aoommunione

257 2898 403 2980 reuocare
433 2895 610 2982 potuisset?
640 2897 772 2982 denique
804 2882 875 2968 cum
906 2903 1029 2969 uideret
1055 2906 1132 2973 dens
1159 2910 1192 2973 et
1219 2927 1246 2972 a.
1262 2907 1368 2988 Moyse

257 3004 337 3090 legis
368 3002 493 3067 tabulas
523 3002 637 3069 metes
669 3007 702 3069 et
731 2993 836 3071 arcam⁴
864 3007 1008 3076 hostibus
1036 3010 1216 3079 derelictam
1242 3014 1274 3077 et
1297 3013 1370 3093 post
1386 3032 1413 3074 sa

260 3108 458 3174 traditionem
488 3108 612 3181 Baruch
641 3110 756 3176 librum
786 3112 866 3198 legis
907 3117 939 3180 et
972 3115 1106 3183 incisum
1138 3136 1206 3183 esse
1237 3117 1269 3180 et
1299 3134 1370 3180 con·

260 3216 399 3284 bustum.
430 3213 582 3280 indicauit
611 3216 839 3298 prouidentiam
866 3237 955 3285 suam
982 3221 1182 3306 etpromisit
1208 3220 1370 3305 eclogem

260 3319 323 3384 iam
344 3340 405 3387 non
427 3320 459 3386 iu
481 3320 598 3387 tabulis
620 3321 755 3388 scribere
776 3341 833 3390 nec
853 3322 885 3388 in
905 3325 1005 3407 libris,
1024 3326 1079 3393 sed
1095 3328 1128 3392 in
1145 3327 1214 3409 ipso
1230 3325 1371 3392 interiori

260 3425 395 3503 homine,
409 3427 468 3495 boc
486 3426 583 3493 estin
600 3431 704 3494 mente
723 3432 755 3494 et
770 3429 802 3494 in
820 3430 910 3496 corde
935 3413 1178 3514 uniuscuiusque
1206 3431 1369 3513 credentis,

260 3529 415 3612 quomodo
446 3533 613 3618 scripserat
642 3535 674 3600 in
705 3535 798 3601 corde
823 3535 900 3614 Noe,
925 3539 1076 3617 Abrahae,
1103 3534 1193 3604 Isaac
1219 3542 1252 3604 et
1276 3540 1370 3612 Iacob
1388 3566 1424 3606 so

261 3637 294 3700 et
316 3635 488 3702 ceteromm
508 3639 762 3721 patriarcharum,
789 3660 867 3725 quoa
894 3648 1017 3710 constat
1040 3644 1181 3730 legitime
1209 3646 1273 3727 sjine
1300 3649 1370 3732 lege

261 3739 385 3807 uixisse.
408 3758 501 3821 quam
522 3763 588 3810 rem
608 3747 719 3828 probat
740 3738 773 3812 et
794 3749 904 3815 beatus
917 3751 1087 3834 apostolus
1108 3751 1226 3818 Paulus
1249 3753 1368 3830 dicens:

255 3846 403 3929 ‚scripta
429 3865 498 3913 non
525 3844 742 3932 atramento,
771 3854 838 3946 sed
861 3855 999 3939 spiritu
1030 3856 1088 3922 dei
1115 3858 1211 3940 uiui,
1238 3880 1305 3926 non
1333 3861 1371 3936 in,

351 4036 967 4126 fflffimQfflwdffiHde

297 4144 1106 4223 lmmwmw2hmmmfflfflmb
