3044 4656
303 314 367 377 204
780 310 949 381 Appendix

218 527 221 534 ·
301 523 372 565 anus
395 508 547 580 proconsul
571 506 654 565 dixit:
681 507 858 581 professione
882 507 1045 579 Caeciliani,
1069 507 1118 580 qui
1139 509 1205 566 acta
1226 507 1332 568 falsata
1357 526 1419 569 esse

301 594 371 653 dicit
392 597 476 668 atque
500 595 637 669 epistolae
659 595 782 669 plurima
802 595 909 666 addita,
928 595 1141 655 manifestatum
1163 598 1215 667 est,
1240 613 1296 670 qua
1317 597 1418 657 uolun-

300 685 359 746 ate
386 683 457 741 haec
484 683 605 757 gesserit
630 684 790 758 ingentius,
819 687 848 743 et
872 683 938 743 ideo
965 683 1119 759 recipiatur
1140 684 1170 742 in
1193 701 1349 755 carcerem
1377 688 1421 745 est

300 769 376 830 enim
398 771 495 831 artiori
517 771 734 845 interrogationi
756 771 944 831 necessarius.
980 772 1102 832 Felicem
1130 775 1224 832 autem
1251 774 1420 848 relegiosum
1507 785 1508 789 ’

299 857 463 932 episcopum
492 859 613 919 liberum
641 877 703 918 esse
730 861 767 919 ab
795 859 941 920 exustione
972 860 1225 920 instrumentorum
1258 861 1418 922 deificorum
1453 881 1466 922 s

284 946 479 1009 ,manifestum
503 949 555 1018 est,
580 963 643 1005 oum
665 964 748 1007 nemo
770 947 800 1006 in
823 966 887 1007 eum
909 948 1018 1023 aliquid
1039 950 1160 1024 probare
1182 949 1314 1023 potuerit,
1338 950 1419 1024 'quod

297 1034 533 1109 relegiosissimas
564 1033 720 1108 scripturas
751 1034 910 1109 prodiderit
934 1037 981 1096 uel
1008 1037 1156 1097 exusserit.
1192 1037 1316 1097 omnium
1343 1038 1419 1098 enim

295 1122 482 1196 interrogatio
503 1139 591 1197 supra
612 1122 719 1197 scripta
740 1123 923 1183 manifestata
945 1128 989 1184 est
1010 1125 1104 1183 nullas
1126 1125 1283 1200 scripturas
1302 1126 1418 1186 deificas

296 1210 343 1270 uel
364 1210 498 1270 inuentos
515 1210 562 1270 uel
581 1215 729 1286 corruptae
747 1212 794 1271 uel
811 1212 943 1271 incensas
960 1212 1058 1274 fuisse.
1082 1213 1136 1271 hoc
1154 1212 1226 1270 actis
1245 1213 1414 1285 continetur,

297 1299 374 1373 quod
398 1298 478 1358 Felix
504 1297 656 1374 episcopus
688 1299 845 1374 relegiosus
870 1298 929 1359 illis
953 1299 1130 1374 temporibus
1159 1316 1251 1373 neque
1277 1316 1414 1373 praesens
1434 1319 1460 1356 ro

296 1386 382 1445 fuerit
407 1404 500 1460 neque
527 1386 731 1447 conscientiam
758 1388 986 1449 accomodauerit
1015 1405 1108 1461 neque
1133 1387 1191 1446 tale
1218 1386 1326 1460 aliquid
1351 1386 1413 1446 fieri

295 1474 419 1534 iusserit
1220 1487 1221 1492 ’

338 1563 490 1636 Agesilaus
508 1561 593 1621 dixit:
618 1563 653 1621 do
675 1563 730 1634 his,
752 1564 800 1637 qui
823 1565 860 1622 ad
882 1567 1052 1639 potestatem
1074 1565 1199 1624 uestram
1220 1563 1414 1623 instruendam

295 1655 444 1722 uenerunt,
465 1651 533 1725 quid
554 1651 636 1710 iubet
656 1654 783 1726 potestas
802 1654 871 1711 tua?
893 1653 1029 1714 Aelianus
1046 1653 1199 1727 proconsul
1218 1650 1300 1710 dixit:
1319 1664 1415 1712 reuer-

294 1741 391 1797 tentur
409 1735 450 1797 ‘ad
472 1740 556 1798 sedes
578 1756 655 1799 suas.
1434 1757 1460 1796 re

824 1932 879 1991 111.

240 2069 285 2112 aee
340 2053 544 2112 Constantinus
567 2055 715 2128 Augustus
736 2054 856 2114 Aelafio.

338 2142 398 2200 Iam
422 2141 536 2214 quidem
558 2143 679 2201 antehac
702 2160 765 2202 cum
788 2143 931 2216 perlatum
957 2143 1061 2202 fuisset
1086 2143 1123 2201 ad
1150 2142 1296 2202 scientiam
1323 2160 1414 2201 meam

294 2231 369 2304 apud
391 2229 516 2289 Africam
539 2232 665 2290 nostram
688 2231 785 2306 plures
807 2249 913 2290 uesano
935 2232 1031 2291 furore
1058 2231 1141 2289 uanis
1168 2230 1413 2289 criminationibus

292 2323 393 2377 contra
415 2335 445 2376 se
467 2318 590 2377 inuicem
613 2336 699 2393 super
721 2320 932 2378 obseruantiam
951 2319 1147 2378 sanctissimae
1164 2314 1237 2393 legis
1256 2317 1413 2378 catholicae
1431 2341 1458 2380 ao

293 2405 440 2464 discedere
463 2407 600 2481 coepisse,
626 2408 800 2466 dirimendae
824 2407 1010 2467 dissensionis
1032 2407 1228 2465 huiuscemodi
1247 2423 1333 2465 causa
1349 2408 1411 2480 pla·

294 2494 391 2550 onerat
412 2494 490 2565 mihi,
513 2497 546 2552 ut
567 2496 604 2554 ad
631 2497 728 2554 urbem
751 2496 870 2554 Romam
897 2498 953 2553 tam
979 2495 1157 2554 Caecilianus
1180 2494 1412 2569 Carthaginensis

294 2579 454 2654 episcopus,
474 2586 573 2642 contra
591 2601 675 2657 quem
692 2582 739 2642 uel
757 2584 877 2648 maxime
895 2584 1022 2642 uniuersi
1040 2600 1126 2657 saepe
1144 2600 1189 2641 me
1207 2586 1410 2654 conuenerunt,

294 2685 378 2741 quam
401 2670 484 2728 etiam
508 2671 597 2746 aliqui
620 2690 653 2730 ex
674 2671 729 2742 his,
754 2671 803 2745 qui
826 2671 852 2729 ei
875 2672 1014 2744 quaedam
1042 2664 1194 2730 obicienda
1220 2672 1410 2744 crediderant,
1433 2681 1434 2685 ’

292 2757 483 2830 praesentiam
510 2760 553 2819 sui
582 2750 756 2819 exhiberent.
793 2776 860 2818 nam
887 2759 972 2818 etiam
999 2761 1037 2818 ad
1063 2776 1151 2834 supra
1177 2759 1282 2818 dictam
1312 2762 1411 2819 urbem
1429 2780 1455 2820 se

291 2845 409 2905 Romam
439 2850 565 2907 nostram
598 2849 736 2922 quosdam
768 2847 918 2923 episcopos
945 2865 979 2907 ex
1008 2848 1108 2907 Galliis
1134 2849 1175 2906 ire
1200 2865 1408 2923 praeceperam,

292 2936 324 2992 ut
345 2936 403 2992 mm
425 2935 456 2993 hi
477 2953 529 3011 pro
552 2936 716 3010 integritate
738 2937 816 2997 uitae
839 2954 907 2997 suae
929 2938 1015 3010 atque
1036 2936 1175 2995 laudabili
1201 2936 1332 2996 instituto
1354 2937 1410 2996 sed

292 3025 319 3080 et
342 3025 450 3097 septem
473 3024 599 3083 eiusdem
622 3025 828 3085 communionis
851 3043 935 3098 quam
958 3025 1043 3083 etiam
1061 3023 1141 3084 urbis
1158 3026 1264 3084 Romae
1282 3025 1411 3100 episcopi

291 3112 377 3183 atque
398 3112 451 3183 illi,
476 3112 524 3187 qai
547 3130 611 3171 cum
632 3113 743 3172 hisdem
767 3115 981 3188 cognoscerent,
1000 3115 1120 3188 possent
1137 3113 1186 3183 rei,
1207 3129 1278 3186 quae
1296 3112 1410 3173 uidetur

379 3321 464 3375 1-12
484 3321 528 3376 cir.
548 3319 640 3392 Optat.
659 3339 685 3391 p.
704 3323 747 3385 29,
766 3322 798 3375 21
819 3337 858 3389 sq.
878 3320 947 3391 Aug.
967 3338 989 3376 c.
1008 3321 1093 3377 Cresc.
1112 3321 1136 3386 3,
1156 3321 1190 3374 70
1264 3386 1265 3389 Ἴ

326 3442 339 3494 1
369 3442 436 3495 dixit
461 3441 591 3511 professio
623 3443 651 3503 C.
680 3442 705 3497 d.
734 3459 765 3496 ex
790 3438 953 3511 professione
980 3443 1048 3505 edd,
1073 3441 1096 3494 d.
1121 3440 1285 3511 professione
1312 3446 1428 3515 serpsi

289 3511 358 3596 falsa
375 3513 521 3580 deputati.
536 3512 554 3566 l.
608 3513 629 3584 2,
643 3513 815 3596 manifestum
833 3510 900 3574 cdd,
919 3506 1059 3566 manifesta
1076 3513 1189 3594 August.
1205 3513 1255 3595 221.
1310 3517 1407 3602 droci-

288 3582 546 3719 maioma}
562 3583 584 3706 ἐ
597 3581 1068 3722 supiaissgigiirinAffittaslphid,
1087 3581 1408 3726 ἓτοὼιὲἓὲἱᾳοεξῖῧὲἷὲ

289 3727 314 3776 ct
331 3721 400 3789 Aac.
425 3721 443 3773 l.
461 3737 482 3777 c.
538 3724 571 3777 10
593 3739 644 3792 quo
670 3723 694 3777 0
744 3725 778 3777 11
802 3723 1008 3779 commodauerit
1028 3723 1141 3792 August.
1164 3725 1181 3779 l.
1206 3725 1223 3779 l.
1280 3729 1312 3781 15
1334 3728 1404 3798 suas]

288 3806 452 3864 EXPLICIT
482 3807 595 3864 GESTA
624 3807 863 3865 PVRGATIONIS
894 3809 1032 3866 ssnrffls
1062 3800 1122 3867 ΕῬΪ
1156 3810 1404 3869 AVTVMNITANI

290 3877 531 3934 ORDINA'I'ORIs
551 3877 755 3935 OAECILIANI
773 3879 1012 3937 GARTHAGINIS
1033 3881 1119 3951 Osci.
1137 3884 1185 3938 29·

323 3967 366 4020 lli
390 3963 489 4020 1N01P
516 3966 709 4022 nngPLvno
731 3966 925 4022 EPISTOLAE
949 3966 1199 4028 CONSTANTINI
1221 3979 1246 4028 et
1261 3973 1293 4025 io
1312 3987 1340 4024 a.
1361 3987 1401 4041 sq.

289 4035 559 4093 CONSTANTINVS
579 4038 673 4104 (rubr.)
696 4036 719 4091 0
729 4038 782 4106 sol.
801 4039 848 4093 29l
894 4039 928 4093 20
946 4042 1115 4096 obseruantia
1132 4044 1193 4099 edd.
1244 4041 1321 4110 legis]
1339 4041 1402 4097 fidei

288 4108 348 4161 edd.
402 4109 432 4160 21
454 4107 580 4161 dissidere
594 4108 652 4162 edd.
724 4109 859 4164 causaeG
908 4111 943 4164 23
961 4118 1140 4167 conuenerant
1156 4115 1215 4168 cdd.
1263 4113 1296 4164 25
1309 4112 1400 4168 urbem

287 4178 444 4232 nostramR
462 4177 520 4232 cdd.
574 4177 607 4231 27
625 4183 682 4233 taur
692 4178 771 4233 hiiO
831 4179 865 4233 28
878 4182 1015 4251 episcopus
1029 4182 1088 4238 eoo.
1142 4185 1175 4238 29
1189 4182 1330 4238 uidebatur
1341 4185 1401 4242 edd.
