3044 4656
528 1179 530 1182 ,
615 1067 854 1177 Praefatio.

218 1301 288 1367 Non
310 1319 378 1367 raro
402 1304 593 1386 querendum
616 1307 665 1370 cst
686 1305 1026 1387 praestantissimorum
1048 1306 1188 1373 uirorum
1209 1307 1293 1374 uitas

175 1408 280 1473 densis
302 1409 399 1475 latere
423 1410 628 1476 circumfusas
650 1410 797 1488 tenebris,
820 1410 867 1476 lta
887 1415 925 1479 ut
945 1411 998 1476 uin
1018 1413 1179 1478 nominum
1201 1413 1293 1479 habe·

173 1532 277 1578 remus
301 1515 519 1598 cognitionem,
542 1516 604 1581 nisi
624 1517 775 1582 librorum
793 1516 984 1584 monimenta
1000 1517 1198 1600 iniquitatem
1215 1520 1293 1583 tem-

173 1621 285 1702 porum
305 1615 507 1684 hominumue
530 1619 724 1702 effugissent·
745 1624 838 1703 atque
857 1621 992 1711 similem
1011 1625 1127 1688 sortem
1143 1623 1293 1688 memoria

175 1722 284 1805 Optati
306 1722 444 1806 episcopi
466 1722 642 1805 Milenitani
666 1725 714 1787 est
737 1727 913 1802 consecuta,
932 1724 971 1788 de
993 1744 1054 1806 quo
1077 1745 1176 1807 neque
1192 1720 1294 1790 multa

174 1847 275 1911 neque
290 1827 382 1903 certis
399 1825 588 1892 testimoniis
607 1827 807 1909 comprobata
822 1828 997 1905 uniuntur,
1017 1844 1204 1911 quamquam
1220 1829 1294 1895 fidei

170 1932 570 2019 catholicaepaopugnator
582 1934 648 1995 tam
662 1922 867 2014 grauissimus
884 1950 976 2014 quam
994 1933 1161 1999 acerrimus
1178 1933 1293 1999 iterum

98 2122 99 2126 Ἰ
172 2019 348 2122 iterumque
367 2056 385 2102 a
402 2037 534 2103 summis
553 2035 702 2102 ecclesiae
721 2035 1093 2114 catholicaedocton'tns
1107 2038 1305 2122 'Augustino'

99 2190 101 2194 ι
173 2145 363 2227 Hieronymo
385 2142 517 2225 offisque
540 2141 633 2226 longe
654 2140 851 2206 inferioribus
873 2141 1019 2206 landatur
1036 2143 1292 2210 utcontentionis

174 2250 260 2315 illius
289 2269 307 2314 a
332 2248 508 2336 Donatistis
540 2250 624 2313 ortae
655 2233 864 2329 spectatorem
894 2246 1028 2312 minime
1054 2248 1190 2314 otiosum
1222 2269 1291 2315 sese

172 2354 327 2439 praebuit.
359 2355 534 2438 complures
556 2352 653 2417 luisse
677 2349 809 2434 Optatos
831 2349 863 2415 in
889 2350 997 2417 Africa
1021 2353 1074 2418 uel
1100 2354 1202 2419 sancti
1228 2355 1292 2437 epi·

175 2461 262 2543 scopi
284 2461 429 2542 aequales
451 2460 504 2523 uel
522 2457 560 2522 ab
579 2457 646 2522 eius
664 2458 767 2534 aetate
785 2454 928 2530 diuersos
946 2458 1082 2521 constat:
1106 2458 1181 2540 quin
1199 2461 1293 2525 etiam

175 2566 282 2649 Optatl
305 2565 468 2630 cuiusdam
490 2561 667 2629 Mileuitani
692 2560 961 2644 memoriamsqni
986 2561 1132 2643 militiam
1158 2566 1292 2648 capessi·

10 2672 12 2677 '
147 2745 150 2751 ,
174 2673 273 2749 uerat,
297 2671 407 2755 cippus
430 2669 469 2734 ad
490 2670 567 2733 haec
585 2654 726 2750 tempora
743 2667 928 2750 propagauit
944 2667 976 2731 in
994 2668 1144 2734 Numidia
1163 2669 1291 2736 inuesti-

175 2770 1292 2863 mmmmmffimmmmm

174 2882 355 2949 Donatistae
392 2880 533 2945 eiusdem
573 2876 706 2943 nominis
744 2878 893 2960 Optatum
932 2879 1105 2945 latrociniis
1144 2880 1291 2956 infamem

175 2986 358 3072 cognomine
391 2982 612 3052 Gildonianum
643 2980 742 3046 inisse
773 3000 809 3046 ex
832 3002 857 3048 s.
886 2983 1066 3069 Augustino
1099 2989 1291 3069 compertum

174 3094 324 3158 habemns
350 3093 393 3175 (c.
416 3087 436 3159 ῐ.
462 3089 549 3154 Petit.
572 3089 613 3165 Π,
638 3088 680 3151 92
702 3089 731 3152 et
755 3089 903 3172 samius).
927 3078 1039 3172 quodsi
1060 3093 1164 3174 plures
1182 3092 1291 3159 *Africa

174 3197 347 3279 procreauit
370 3195 512 3279 Optatos,
534 3194 618 3259 hand
640 3192 705 3259 scio
729 3182 776 3257 an
789 3193 868 3259 hanc
891 3195 930 3260 ob
952 3214 1019 3260 rem
1041 3196 1079 3261 de
1101 3197 1169 3262 uita
1196 3197 1289 3262 unius

175 3302 261 3368 illius
284 3303 423 3386 episcopi
440 3299 618 3366 Milenitani
634 3298 755 3383 parcior
775 3317 899 3363 manare
921 3299 1065 3366 uideatur
1086 3301 1187 3368 famae
1209 3304 1289 3383 lons,

176 3409 356 3490 praesertim
387 3413 459 3473 oum
489 3406 552 3471 iam
581 3397 669 3470 libris
702 3405 768 3470 suis
799 3423 872 3487 prae
899 3405 1011 3472 ceteris
1034 3407 1144 3472 eodem
1166 3409 1289 3475 nomine

177 3513 338 3595 appellatis
373 3511 538 3579 memoriae
574 3510 762 3577 obliuionem
794 3511 929 3595 effugere
959 3514 1106 3594 potnerit.
1140 3515 1288 3600 quiequid
1301 3493 1378 3589 Ἥ

177 3616 304 3695 scimus,
330 3618 518 3702 Hieronymo
545 3617 694 3682 debemus
721 3614 771 3700 (de
791 3617 852 3682 uir.
875 3615 919 3704 alt
943 3619 1032 3699 11-0):
1061 3617 1189 3700 Optem
1209 3620 1289 3703 Afer
1398 3653 1405 3703 2

176 3722 332 3804 apocopae
359 3722 563 3791 Mileuitouuc
589 3742 625 3786 ec
643 3725 736 3804 porte
757 3720 903 3786 catholieo
922 3724 1046 3804 empsit
1074 3722 1286 3792 Ueneticum

175 3832 206 3894 et
231 3824 353 3893 Ualente
373 3827 565 3909 praeoptem
590 3827 741 3892 odumsus-
758 3825 956 3899 Donatiauoe
975 3831 1081 3918 portos
1102 3831 1286 3896 columnam

175 3934 267 3999 libros
287 3934 527 4015 seminecibus
548 3935 657 3999 essent
677 3935 791 3999 crimea
807 3933 1056 4002 Decutiocorum
1076 3959 1112 4004 aa
1124 3958 1189 4003 ¹uos
1208 3937 1285 4018 falso

174 4031 349 4121 retorqueri.
364 4059 498 4122 quocum
516 4040 651 4107 concinit
662 4040 820 4107 Honorius
837 4042 1128 4127 Augustodunensis
1142 4042 1179 4127 (Ι,
1195 4041 1283 4129 llll:

180 4143 310 4227 Optem
330 4142 409 4225 Ater
431 4142 634 4223 Mleoitoeuc
655 4147 811 4228 epa'scopm
831 4147 885 4211 solo
910 4147 1031 4213 Uutcute
1051 4147 1174 4227 scripsit
1195 4146 1285 4213 libros
