3044 4656
249 326 289 389 78
590 315 616 368 S.
646 314 786 386 Optati
809 311 1041 397 Mileuitsni

247 512 450 590 cousuetudo,
479 510 517 574 de
547 508 677 592 pluuiis,
707 506 744 570 de
776 525 862 589 pace,
895 505 933 570 de
964 508 1120 588 prouentu
1151 504 1223 568 anni
1255 503 1371 586 aliquid

244 619 444 702 interrogare,
473 614 528 681 sed
559 613 648 678 illius
680 612 720 676 ad
752 612 893 697 singulos
926 629 1066 694 quosque
1097 611 1260 674 uenientes
1296 610 1373 674 hacc
1405 691 1407 696 .

247 727 334 789 erant
356 723 469 787 uerba:
493 720 580 802 ‘quid
602 718 685 801 apud
706 736 765 783 uos
785 719 888 802 agitur
906 717 944 782 de
961 719 1048 800 parte
1070 715 1174 782 mea?
1198 716 1290 798 quasi
1310 717 1373 780 ianr

246 848 319 894 uere
346 828 498 912 populum
526 843 597 889 cum
625 823 683 888 deo
711 822 871 902 diuiserat,
898 825 935 886 ut
960 821 1114 904 intrepide
1142 841 1232 886 suam
1256 822 1374 886 diceret

246 937 376 1016 partem.
400 951 471 1017 narn
494 932 527 994 et
548 949 567 992 a
587 927 782 1010 temporibus
806 928 873 992 cius
901 930 933 992 et
958 927 1113 1008 usquein
1136 926 1322 992 hodiernum
1345 926 1373 991 si
1406 949 1419 988 s

247 1038 369 1121 quando
398 1037 436 1102 de
462 1036 556 1100 rebus
585 1033 808 1098 ecclesiasticis
830 1034 863 1097 in
884 1033 1010 1097 iudiciis
1037 1031 1173 1115 publicis
1197 1034 1302 1115 aliqua
1325 1051 1373 1098 cc-

245 1144 365 1208 lebrata
384 1145 433 1207 est
450 1139 543 1219 actio,
561 1137 745 1221 interrogati
764 1137 881 1220 singuli
903 1138 949 1201 sic
972 1137 1054 1219 apud
1077 1139 1147 1201 acta
1168 1137 1268 1202 locuti
1286 1141 1370 1207 sunt,

246 1252 283 1313 ut
305 1247 443 1310 dicerent
465 1263 498 1308 se
523 1244 560 1308 de
582 1244 669 1325 parte
693 1260 761 1306 esse
780 1241 913 1316 Donati3
937 1242 975 1305 de
993 1241 1118 1306 Christo
1141 1244 1315 1307 tacuerunt.
1340 1244 1372 1304 et

246 1352 321 1435 qnid
344 1350 382 1415 de
405 1350 525 1414 clericis
545 1349 656 1425 dicam,
675 1366 747 1411 cum
768 1335 913 1432 legantur
934 1366 1052 1430 preces,
1071 1367 1202 1430 quarum
1219 1347 1249 1411 in
1270 1345 1369 1429 primo

245 1456 325 1520 libro
347 1455 479 1519 fecimus
501 1451 702 1532 mentionem,
725 1452 909 1518 iamdudum
932 1453 971 1517 ad
994 1452 1234 1519 Constantinum
1256 1451 1371 1515 missac
1391 1459 1435 1500 10'

247 1563 280 1624 et
306 1560 510 1643 subscriptae,
544 1576 623 1642 quae
658 1559 875 1642 opiscoporum
906 1558 1033 1623 nomina
1063 1558 1272 1634 continebant,
1305 1555 1369 1620 sic:
1486 1554 1493 1562 ”

247 1663 348 1728 ‘datas
368 1683 386 1727 a
403 1663 553 1746 Capitone
572 1667 604 1729 et
626 1663 770 1742 Nasutio,
789 1664 893 1747 Digno
912 1666 944 1727 et
962 1664 1072 1729 ceteris
1096 1663 1251 1746 episcopis
1273 1659 1370 1744 partis

246 1770 392 1834 Donati’?
417 1772 448 1834 ct
468 1769 671 1853 postulabant
691 1769 801 1851 utique
821 1770 931 1835 contra
951 1769 1125 1852 episcopos,
1144 1768 1291 1852 quidum
1310 1786 1371 1832 non

247 1870 335 1938 eraut
348 1874 380 1938 in
389 1877 476 1957 parte
485 1874 653 1953 Donati,iu
664 1872 780 1940 Christi
794 1874 949 1940 catholica
962 1875 1159 1950 habitabant;
1173 1877 1206 1939 et
1218 1874 1293 1938 dum
1308 1871 1370 1955 epi·
1470 1900 1476 1904 ·

247 1997 360 2061 scopus
378 1978 460 2043 inter
477 1980 679 2062 coepiscopos
697 1998 777 2044 suos·
790 1998 851 2044 uon
869 1979 930 2043 fuit
943 1980 1110 2045 noc-homo
1128 1980 1212 2044 iuter
1227 1978 1369 2044 homines
1389 1999 1414 2038 rs

246 2083 576 2162 esseuoluit,constat,
587 2084 671 2165 quod
683 2084 795 2148 extulit
808 2103 963 2149 corsuum
973 2087 1006 2148 et
1015 2084 1092 2149 deus
1102 2084 1163 2149 sibi
1175 2084 1274 2150 fuisse
1284 2083 1370 2148 uide·
1398 2070 1400 2074 ¹
1443 2113 1445 2118 ·

245 2188 347 2254 batur.
363 2206 434 2252 nam
449 2207 521 2254 cum
536 2190 568 2252 ot
582 2188 771 2254 ordinatores
786 2188 834 2252 tui
845 2225 876 2236 —
897 2208 1027 2270 quorum
1041 2189 1176 2268 nomina,
1190 2190 1285 2253 frater
1298 2189 1370 2253 Par-

142 2346 153 2368 „
245 2293 399 2371 meniarre,
426 2294 505 2358 bene
532 2292 626 2370 nosti,
655 2295 687 2357 et
713 2292 768 2356 ubi
794 2292 911 2356 fuerint
936 2305 997 2356 non
1024 2293 1161 2376 ignoras,
1186 2295 1218 2357 et
1240 2294 1294 2376 qui
1315 2294 1369 2358 uel

246 2414 348 2475 aquo
371 2396 540 2484 petiuerint
567 2398 599 2457 ot
626 2395 750 2474 qualern
776 2395 964 2477 rogauerint,
988 2398 1025 2459 ut
1050 2396 1187 2460 redirent
1210 2401 1242 2461 ct
1261 2400 1368 2462 tecum

244 2498 344 2562 redire
365 2497 552 2580 potuissent,
577 2499 609 2561 et
630 2504 686 2562 uos
711 2496 887 2572 didicimus,
911 2517 982 2563 cum
1006 2500 1129 2565 easdem
1151 2521 1270 2585 preces,
1290 2488 1367 2585 quas
1386 2526 1413 2566 rc

245 2601 402 2679 dederant,
420 2600 503 2683 apud
515 2599 678 2687 Africanos
691 2600 811 2667 indices
825 2602 1013 2687 adlegerent,
1031 2605 1064 2669 in
1083 2605 1196 2687 quibus
1215 2607 1367 2690 scriptum

245 2710 313 2772 est:
332 2705 433 2769 ‘datae
451 2704 489 2768 ab
508 2704 664 2787 episcopis
681 2706 782 2789 partis
797 2707 920 2772 Donati'
939 2745 982 2755 -
999 2709 1052 2774 hic
1068 2709 1131 2773 iarn
1150 2711 1225 2792 quid
1241 2731 1365 2796 respon-

333 2877 666 2948 scampno

279 2983 295 3036 2
329 2978 467 3039 uenientes
485 2981 495 3035 l
513 2980 620 3037 ecerant
651 2985 709 3052 (sic)
733 2985 816 3040 herba
837 2988 865 3041 B
927 2973 1054 3058 3'nerba]
1073 2989 1138 3044 cdd.
1164 2990 1190 3045 G
1212 2947 1252 3044 nt
1265 2992 1366 3046 diceret

243 3071 303 3139 (cfr.
323 3072 341 3125 l.
355 3070 381 3134 8)
435 3070 534 3140 egitur]
551 3071 701 3127 uideturG
752 3074 889 3142 betpcst
905 3092 967 3130 narn
981 3092 1031 3131 om.
1049 3078 1082 3132 od
1135 3079 1199 3132 8se
1218 3095 1275 3134 esse
1293 3080 1319 3134 d.
1337 3098 1364 3150 p.

243 3156 344 3210 Donati
365 3157 394 3220 B
481 3157 612 3229 deporta
635 3159 717 3214 iubae
734 3160 769 3215 G
856 3163 872 3215 9
895 3179 955 3217 curn
977 3163 1051 3248 leges
1075 3167 1153 3233 (corr.
1174 3167 1195 3221 i.
1218 3183 1270 3237 mg.
1293 3171 1366 3223 cst

243 3259 377 3344 legantur)
399 3261 438 3318 G⁴
483 3263 514 3318 11
533 3263 716 3319 subscribente
734 3265 790 3320 RB
860 3267 1044 3338 episcoporum
1061 3287 1142 3341 supra
1159 3275 1365 3328 memoratorum

242 3371 314 3435 rio'rn.
351 3374 378 3430 G
499 3377 532 3431 12
565 3379 594 3432 et
623 3383 686 3434 aare
715 3378 830 3440 Nasutio
862 3395 912 3435 om.
942 3381 969 3437 G
1087 3385 1119 3439 13
1146 3352 1318 3454 postiniane
1335 3391 1383 3454 (u
1433 3421 1436 3427 ,

242 3477 264 3515 s.
284 3461 301 3516 Ι.
320 3479 355 3517 m.
373 3466 403 3530 2)
420 3463 449 3520 R
501 3462 548 3520 '15
564 3464 626 3535 luit]
645 3466 716 3535 petit
734 3465 762 3521 G
828 3468 987 3540 reextulit]
1005 3472 1136 3528 exaltarit
1155 3473 1182 3528 G
1253 3475 1286 3530 17
1304 3492 1364 3535 oum

244 3564 329 3626 om3c
416 3552 450 3607 18
467 3550 576 3611 inerunt
591 3552 620 3605 B
707 3555 817 3624 etquid
839 3555 881 3611 Gd
969 3559 1003 3614 19
1020 3561 1148 3630 petierint
1167 3560 1194 3615 G
1227 3551 1228 3554 '
1275 3566 1364 3618 tecum

243 3635 335 3690 uene
352 3637 407 3692 ns
477 3639 513 3695 so
533 3657 582 3713 nos
604 3640 715 3696 nomn
733 3636 831 3698 nse·
873 3645 907 3700 21
930 3646 1061 3702 caremus
1076 3647 1164 3716 anco
1234 3651 1314 3723 spur]
1332 3657 1364 3706 ue
1422 3631 1424 3635 ‘

201 3799 203 3803 Ι
244 3723 279 3778 ad
299 3723 370 3780 RBo
440 3727 584 3798 alligarent
600 3726 644 3797 R;
664 3735 815 3799 aequam
835 3733 901 3787 boec
922 3733 1072 3789 addendum
1096 3735 1138 3804 (ln
1161 3739 1303 3805 mendum
1323 3739 1361 3807 Β)

244 3812 426 3882 episcoporum
445 3813 478 3881 de
496 3816 563 3869 actis
580 3817 620 3886 (iu
637 3813 819 3887 cpiscoporum
839 3820 905 3875 actis
926 3820 1015 3876 Goebl.
1034 3825 1114 3893 coni.)
1134 3824 1277 3896 dequibus
1293 3826 1362 3880 inira

224 3901 431 3970 scriptumest
447 3917 485 3970 sq.
503 3901 574 3957 RBc
596 3907 677 3972 (puae
697 3904 783 3959 ceta
807 3907 846 3960 cd
864 3913 927 3962 octo
943 3909 987 3963 lois
1005 3910 1082 3966 libris
1099 3913 1235 3981 pecodem
1253 3913 1362 3966 adnm

238 3988 375 4055 perlem
404 3993 429 4042 et
459 4004 547 4044 more
569 3989 707 4059 ἱπφειὶςεο
729 3992 831 4047 cenarit
850 3992 968 4050 Gasaab.
989 3993 1150 4068 delebitque)v
1218 3997 1360 4068 inquibus

243 4073 313 4128 iufra
331 4075 458 4145 scriptum
476 4075 492 4129 b
528 4076 563 4130 22
581 4077 643 4132 date
661 4077 726 4132 labri
782 4081 853 4135 Date
871 4097 887 4135 a
905 4081 1032 4138 Cassiano
1049 4085 1200 4156 Rogatiano
1217 4086 1314 4140 Pontio
1333 4090 1361 4140 et

245 4162 339 4215 ceteris
357 4162 487 4232 episcopis
507 4162 534 4218 G
