<?xml version="1.0" encoding="UTF-8"?>
<!DOCTYPE html PUBLIC "-//W3C//DTD XHTML 1.0 Transitional//EN"
    "http://www.w3.org/TR/xhtml1/DTD/xhtml1-transitional.dtd">
<html xmlns="http://www.w3.org/1999/xhtml" xml:lang="en" lang="en">
 <head>
  <title>
</title>
<meta http-equiv="Content-Type" content="text/html;charset=utf-8" />
  <meta name='ocr-system' content='tesseract 3.04.00' />
  <meta name='ocr-capabilities' content='ocr_page ocr_carea ocr_par ocr_line ocrx_word'/>
</head>
<body>
  <div class='ocr_page' id='page_1' title='image "./soptatimilevita00ziwsgoog_0042.png"; bbox 0 0 3044 4656; ppageno 0'>
   <div class='ocr_carea' id='block_1_1' title="bbox 608 331 1276 408">
    <p class='ocr_par' dir='ltr' id='par_1_1' title="bbox 608 331 1276 408">
     <span class='ocr_line' id='line_1_1' title="bbox 608 331 1276 408; baseline -0.007 -23"><span class='ocrx_word' id='word_1_1' title='bbox 608 331 821 387; x_wconf 77' lang='lat' dir='ltr'>Praefatio.</span> <span class='ocrx_word' id='word_1_2' title='bbox 1141 342 1276 408; x_wconf 64' lang='lat' dir='ltr'>XXXIII</span> 
     </span>
    </p>
   </div>
   <div class='ocr_carea' id='block_1_2' title="bbox 12 400 1356 3270">
    <p class='ocr_par' dir='ltr' id='par_1_2' title="bbox 36 400 1277 615">
     <span class='ocr_line' id='line_1_2' title="bbox 40 400 1277 615; baseline 0.01 -29.961"><span class='ocrx_word' id='word_1_3' title='bbox 40 400 64 555; x_wconf 55' lang='grc' dir='ltr'><strong><em>ί</em></strong></span> <span class='ocrx_word' id='word_1_4' title='bbox 154 523 240 586; x_wconf 90' lang='lat' dir='ltr'>idem</span> <span class='ocrx_word' id='word_1_5' title='bbox 263 522 348 586; x_wconf 89' lang='lat' dir='ltr'>ualet</span> <span class='ocrx_word' id='word_1_6' title='bbox 369 527 461 604; x_wconf 90' lang='lat' dir='ltr'>atque</span> <span class='ocrx_word' id='word_1_7' title='bbox 483 522 564 586; x_wconf 86' lang='lat' dir='ltr'>illud</span> <span class='ocrx_word' id='word_1_8' title='bbox 586 523 739 588; x_wconf 79' lang='lat' dir='ltr'>Matthaei</span> <span class='ocrx_word' id='word_1_9' title='bbox 759 526 810 604; x_wconf 85' lang='lat'>16,</span> <span class='ocrx_word' id='word_1_10' title='bbox 832 528 886 591; x_wconf 86' lang='lat'>17:</span> <span class='ocrx_word' id='word_1_11' title='bbox 910 528 985 612; x_wconf 80' lang='lat' dir='ltr'>quia</span> <span class='ocrx_word' id='word_1_12' title='bbox 1007 550 1077 593; x_wconf 84' lang='lat' dir='ltr'>caro</span> <span class='ocrx_word' id='word_1_13' title='bbox 1100 534 1128 593; x_wconf 83' lang='lat' dir='ltr'>ct</span> <span class='ocrx_word' id='word_1_14' title='bbox 1149 535 1277 615; x_wconf 74' lang='grc'><strong>6669616</strong></span> 
     </span>
    </p>

    <p class='ocr_par' dir='ltr' id='par_1_3' title="bbox 12 627 897 709">
     <span class='ocr_line' id='line_1_3' title="bbox 12 627 897 709; baseline 0.002 -19"><span class='ocrx_word' id='word_1_15' title='bbox 12 680 21 709; x_wconf 77' lang='grc'><strong>,</strong></span> <span class='ocrx_word' id='word_1_16' title='bbox 155 647 217 698; x_wconf 82' lang='lat' dir='ltr'>aaa</span> <span class='ocrx_word' id='word_1_17' title='bbox 238 627 385 691; x_wconf 79' lang='grc'><strong>6666166661</strong></span> <span class='ocrx_word' id='word_1_18' title='bbox 407 627 647 708; x_wconf 71' lang='grc'><strong>6616666666</strong></span> <span class='ocrx_word' id='word_1_19' title='bbox 668 649 761 692; x_wconf 80' lang='grc'><strong>666666.</strong></span> <span class='ocrx_word' id='word_1_20' title='bbox 895 673 897 677; x_wconf 91' lang='grc'>-</span> 
     </span>
    </p>

    <p class='ocr_par' dir='ltr' id='par_1_4' title="bbox 13 724 1356 2291">
     <span class='ocr_line' id='line_1_4' title="bbox 13 724 1276 815; baseline 0.008 -20"><span class='ocrx_word' id='word_1_21' title='bbox 13 724 17 731; x_wconf 80' lang='lat'>&#39;</span> <span class='ocrx_word' id='word_1_22' title='bbox 198 733 316 815; x_wconf 91' lang='lat' dir='ltr'>Neque·</span> <span class='ocrx_word' id='word_1_23' title='bbox 329 752 402 797; x_wconf 89' lang='lat' dir='ltr'>uero</span> <span class='ocrx_word' id='word_1_24' title='bbox 435 739 557 814; x_wconf 89' lang='lat' dir='ltr'>praeter</span> <span class='ocrx_word' id='word_1_25' title='bbox 587 733 799 800; x_wconf 88' lang='lat' dir='ltr'>additamenta</span> <span class='ocrx_word' id='word_1_26' title='bbox 829 735 885 800; x_wconf 89' lang='lat' dir='ltr'>illa</span> <span class='ocrx_word' id='word_1_27' title='bbox 910 737 942 800; x_wconf 93' lang='lat' dir='ltr'>in</span> <span class='ocrx_word' id='word_1_28' title='bbox 969 738 1029 803; x_wconf 90' lang='lat' dir='ltr'>hoc</span> <span class='ocrx_word' id='word_1_29' title='bbox 1060 740 1139 804; x_wconf 89' lang='lat' dir='ltr'>libro</span> <span class='ocrx_word' id='word_1_30' title='bbox 1173 743 1276 807; x_wconf 92' lang='lat' dir='ltr'>omnia</span> 
     </span>
     <span class='ocr_line' id='line_1_5' title="bbox 154 838 1275 923; baseline 0.01 -23"><span class='ocrx_word' id='word_1_31' title='bbox 154 838 235 902; x_wconf 88' lang='lat' dir='ltr'>inter</span> <span class='ocrx_word' id='word_1_32' title='bbox 267 858 300 902; x_wconf 92' lang='lat' dir='ltr'>se</span> <span class='ocrx_word' id='word_1_33' title='bbox 334 841 515 905; x_wconf 78' lang='lat' dir='ltr'>consonant.</span> <span class='ocrx_word' id='word_1_34' title='bbox 548 838 587 903; x_wconf 87' lang='lat' dir='ltr'>de</span> <span class='ocrx_word' id='word_1_35' title='bbox 610 840 850 922; x_wconf 82' lang='lat' dir='ltr'>transpositione</span> <span class='ocrx_word' id='word_1_36' title='bbox 878 842 989 923; x_wconf 89' lang='lat' dir='ltr'>capitis</span> <span class='ocrx_word' id='word_1_37' title='bbox 1013 846 1032 908; x_wconf 90' lang='grc'><strong>6</strong></span> <span class='ocrx_word' id='word_1_38' title='bbox 1055 863 1090 909; x_wconf 88' lang='lat' dir='ltr'>er</span> <span class='ocrx_word' id='word_1_39' title='bbox 1112 845 1191 911; x_wconf 91' lang='lat' dir='ltr'>libro</span> <span class='ocrx_word' id='word_1_40' title='bbox 1216 847 1275 911; x_wconf 93' lang='lat' dir='ltr'>VII</span> 
     </span>
     <span class='ocr_line' id='line_1_6' title="bbox 143 942 1275 1034; baseline 0.011 -30"><span class='ocrx_word' id='word_1_41' title='bbox 143 942 185 1004; x_wconf 44' lang='lat' dir='ltr'>win</span> <span class='ocrx_word' id='word_1_42' title='bbox 216 942 329 1006; x_wconf 91' lang='lat' dir='ltr'>librum</span> <span class='ocrx_word' id='word_1_43' title='bbox 360 943 417 1019; x_wconf 89' lang='lat' dir='ltr'>HI,</span> <span class='ocrx_word' id='word_1_44' title='bbox 450 962 511 1024; x_wconf 92' lang='lat' dir='ltr'>quo</span> <span class='ocrx_word' id='word_1_45' title='bbox 543 944 733 1025; x_wconf 89' lang='lat' dir='ltr'>transposito</span> <span class='ocrx_word' id='word_1_46' title='bbox 765 946 810 1010; x_wconf 91' lang='lat' dir='ltr'>sic</span> <span class='ocrx_word' id='word_1_47' title='bbox 843 945 970 1012; x_wconf 92' lang='lat' dir='ltr'>demum</span> <span class='ocrx_word' id='word_1_48' title='bbox 998 949 1089 1030; x_wconf 87' lang='lat' dir='ltr'>plane</span> <span class='ocrx_word' id='word_1_49' title='bbox 1121 950 1275 1034; x_wconf 82' lang='lat' dir='ltr'>digneque</span> 
     </span>
     <span class='ocr_line' id='line_1_7' title="bbox 153 1047 1273 1134; baseline 0.011 -25"><span class='ocrx_word' id='word_1_50' title='bbox 153 1047 310 1111; x_wconf 84' lang='lat' dir='ltr'>terminari</span> <span class='ocrx_word' id='word_1_51' title='bbox 321 1047 437 1111; x_wconf 91' lang='lat' dir='ltr'>librum</span> <span class='ocrx_word' id='word_1_52' title='bbox 452 1047 500 1110; x_wconf 91' lang='grc' dir='ltr'>ΙΙΙ</span> <span class='ocrx_word' id='word_1_53' title='bbox 512 1047 667 1131; x_wconf 90' lang='lat' dir='ltr'>Dupinius</span> <span class='ocrx_word' id='word_1_54' title='bbox 683 1050 814 1129; x_wconf 89' lang='lat' dir='ltr'>censuit,</span> <span class='ocrx_word' id='word_1_55' title='bbox 829 1051 891 1114; x_wconf 87' lang='lat' dir='ltr'>iam</span> <span class='ocrx_word' id='word_1_56' title='bbox 906 1052 1158 1134; x_wconf 83' lang='lat' dir='ltr'>supradiximus.</span> <span class='ocrx_word' id='word_1_57' title='bbox 1168 1058 1273 1122; x_wconf 90' lang='lat' dir='ltr'>tamen</span> 
     </span>
     <span class='ocr_line' id='line_1_8' title="bbox 151 1153 1274 1244; baseline 0.007 -28"><span class='ocrx_word' id='word_1_58' title='bbox 151 1153 234 1217; x_wconf 91' lang='lat' dir='ltr'>idem</span> <span class='ocrx_word' id='word_1_59' title='bbox 249 1153 298 1217; x_wconf 87' lang='lat' dir='ltr'>uir</span> <span class='ocrx_word' id='word_1_60' title='bbox 311 1153 514 1219; x_wconf 90' lang='lat' dir='ltr'>doctissimus</span> <span class='ocrx_word' id='word_1_61' title='bbox 530 1173 591 1218; x_wconf 91' lang='lat' dir='ltr'>non</span> <span class='ocrx_word' id='word_1_62' title='bbox 606 1155 742 1220; x_wconf 85' lang='lat' dir='ltr'>offensus</span> <span class='ocrx_word' id='word_1_63' title='bbox 759 1159 808 1221; x_wconf 90' lang='lat' dir='ltr'>est</span> <span class='ocrx_word' id='word_1_64' title='bbox 821 1175 868 1234; x_wconf 90' lang='lat' dir='ltr'>eo,</span> <span class='ocrx_word' id='word_1_65' title='bbox 885 1158 967 1239; x_wconf 93' lang='lat' dir='ltr'>quod</span> <span class='ocrx_word' id='word_1_66' title='bbox 978 1177 1056 1239; x_wconf 90' lang='lat' dir='ltr'>quae</span> <span class='ocrx_word' id='word_1_67' title='bbox 1066 1159 1138 1223; x_wconf 88' lang='lat' dir='ltr'>libri</span> <span class='ocrx_word' id='word_1_68' title='bbox 1147 1162 1274 1244; x_wconf 88' lang='lat' dir='ltr'>septimi</span> 
     </span>
     <span class='ocr_line' id='line_1_9' title="bbox 151 1260 1274 1342; baseline 0.008 -20"><span class='ocrx_word' id='word_1_69' title='bbox 151 1260 295 1324; x_wconf 89' lang='lat' dir='ltr'>omnibus</span> <span class='ocrx_word' id='word_1_70' title='bbox 316 1260 348 1323; x_wconf 88' lang='lat' dir='ltr'>in</span> <span class='ocrx_word' id='word_1_71' title='bbox 372 1260 533 1326; x_wconf 90' lang='lat' dir='ltr'>codicibus</span> <span class='ocrx_word' id='word_1_72' title='bbox 553 1263 627 1324; x_wconf 90' lang='lat' dir='ltr'>sunt</span> <span class='ocrx_word' id='word_1_73' title='bbox 649 1265 842 1326; x_wconf 83' lang='lat' dir='ltr'>extrema—</span> <span class='ocrx_word' id='word_1_74' title='bbox 856 1282 882 1328; x_wconf 94' lang='lat' dir='ltr'>c.</span> <span class='ocrx_word' id='word_1_75' title='bbox 898 1265 928 1342; x_wconf 89' lang='grc'>6,</span> <span class='ocrx_word' id='word_1_76' title='bbox 945 1264 961 1329; x_wconf 84' lang='grc'>1</span> <span class='ocrx_word' id='word_1_77' title='bbox 977 1283 1095 1330; x_wconf 91' lang='lat' dir='ltr'>--non</span> <span class='ocrx_word' id='word_1_78' title='bbox 1113 1267 1217 1330; x_wconf 89' lang='lat' dir='ltr'>minus</span> <span class='ocrx_word' id='word_1_79' title='bbox 1236 1266 1274 1331; x_wconf 88' lang='lat' dir='ltr'>de</span> 
     </span>
     <span class='ocr_line' id='line_1_10' title="bbox 150 1363 1273 1453; baseline 0.008 -26"><span class='ocrx_word' id='word_1_80' title='bbox 150 1363 285 1430; x_wconf 81' lang='lat' dir='ltr'>Macerio</span> <span class='ocrx_word' id='word_1_81' title='bbox 309 1365 438 1453; x_wconf 86' lang='lat' dir='ltr'>unitatis</span> <span class='ocrx_word' id='word_1_82' title='bbox 463 1365 601 1445; x_wconf 88' lang='lat' dir='ltr'>operario</span> <span class='ocrx_word' id='word_1_83' title='bbox 624 1370 722 1450; x_wconf 84' lang='lat' dir='ltr'>agunt</span> <span class='ocrx_word' id='word_1_84' title='bbox 744 1387 838 1449; x_wconf 89' lang='lat' dir='ltr'>quarn</span> <span class='ocrx_word' id='word_1_85' title='bbox 865 1368 953 1433; x_wconf 91' lang='lat' dir='ltr'>locus</span> <span class='ocrx_word' id='word_1_86' title='bbox 976 1369 1030 1435; x_wconf 92' lang='grc'><strong>1116</strong></span> <span class='ocrx_word' id='word_1_87' title='bbox 1053 1372 1273 1453; x_wconf 85' lang='lat' dir='ltr'>transpositus.</span> 
     </span>
     <span class='ocr_line' id='line_1_11' title="bbox 151 1471 1273 1555; baseline 0.007 -22"><span class='ocrx_word' id='word_1_88' title='bbox 151 1471 262 1551; x_wconf 93' lang='lat' dir='ltr'>quodsi</span> <span class='ocrx_word' id='word_1_89' title='bbox 271 1490 352 1535; x_wconf 91' lang='lat' dir='ltr'>unus</span> <span class='ocrx_word' id='word_1_90' title='bbox 362 1471 414 1535; x_wconf 91' lang='grc'><strong>1116</strong></span> <span class='ocrx_word' id='word_1_91' title='bbox 424 1471 514 1536; x_wconf 91' lang='grc'><strong>16666</strong></span> <span class='ocrx_word' id='word_1_92' title='bbox 528 1472 655 1555; x_wconf 87' lang='lat' dir='ltr'>propter</span> <span class='ocrx_word' id='word_1_93' title='bbox 667 1474 797 1538; x_wconf 89' lang='lat' dir='ltr'>Macarii</span> <span class='ocrx_word' id='word_1_94' title='bbox 809 1493 858 1539; x_wconf 88' lang='lat' dir='ltr'>res</span> <span class='ocrx_word' id='word_1_95' title='bbox 874 1479 1131 1540; x_wconf 88' lang='lat' dir='ltr'>commemoratas</span> <span class='ocrx_word' id='word_1_96' title='bbox 1146 1495 1181 1540; x_wconf 85' lang='lat' dir='ltr'>er</span> <span class='ocrx_word' id='word_1_97' title='bbox 1194 1477 1273 1541; x_wconf 92' lang='lat' dir='ltr'>libro</span> 
     </span>
     <span class='ocr_line' id='line_1_12' title="bbox 151 1575 1275 1659; baseline 0.003 -19"><span class='ocrx_word' id='word_1_98' title='bbox 151 1575 284 1657; x_wconf 88' lang='lat' dir='ltr'>septimo</span> <span class='ocrx_word' id='word_1_99' title='bbox 312 1575 446 1639; x_wconf 89' lang='lat' dir='ltr'>reiectus</span> <span class='ocrx_word' id='word_1_100' title='bbox 474 1577 532 1651; x_wconf 89' lang='lat' dir='ltr'>est,</span> <span class='ocrx_word' id='word_1_101' title='bbox 560 1578 593 1639; x_wconf 89' lang='lat' dir='ltr'>et</span> <span class='ocrx_word' id='word_1_102' title='bbox 619 1580 792 1659; x_wconf 89' lang='lat' dir='ltr'>utrumque</span> <span class='ocrx_word' id='word_1_103' title='bbox 813 1579 946 1643; x_wconf 90' lang='lat' dir='ltr'>alterum</span> <span class='ocrx_word' id='word_1_104' title='bbox 974 1578 1083 1644; x_wconf 88' lang='lat' dir='ltr'>eadem</span> <span class='ocrx_word' id='word_1_105' title='bbox 1111 1580 1148 1644; x_wconf 91' lang='lat' dir='ltr'>de</span> <span class='ocrx_word' id='word_1_106' title='bbox 1180 1599 1275 1645; x_wconf 90' lang='lat' dir='ltr'>causa</span> 
     </span>
     <span class='ocr_line' id='line_1_13' title="bbox 150 1672 1274 1764; baseline 0.003 -19"><span class='ocrx_word' id='word_1_107' title='bbox 150 1679 305 1750; x_wconf 89' lang='lat' dir='ltr'>remoueri</span> <span class='ocrx_word' id='word_1_108' title='bbox 328 1698 464 1759; x_wconf 90' lang='lat' dir='ltr'>aequum</span> <span class='ocrx_word' id='word_1_109' title='bbox 484 1682 560 1756; x_wconf 87' lang='lat' dir='ltr'>erat,</span> <span class='ocrx_word' id='word_1_110' title='bbox 578 1679 624 1743; x_wconf 85' lang='lat' dir='ltr'>ita</span> <span class='ocrx_word' id='word_1_111' title='bbox 641 1684 677 1745; x_wconf 89' lang='lat' dir='ltr'>ut</span> <span class='ocrx_word' id='word_1_112' title='bbox 688 1672 774 1746; x_wconf 80' lang='lat' dir='ltr'>&#39;iiber</span> <span class='ocrx_word' id='word_1_113' title='bbox 792 1693 947 1749; x_wconf 84' lang='lat' dir='ltr'>extremus</span> <span class='ocrx_word' id='word_1_114' title='bbox 967 1683 1067 1764; x_wconf 90' lang='lat' dir='ltr'>capite</span> <span class='ocrx_word' id='word_1_115' title='bbox 1087 1687 1105 1746; x_wconf 86' lang='lat'>5</span> <span class='ocrx_word' id='word_1_116' title='bbox 1123 1683 1274 1761; x_wconf 88' lang='lat' dir='ltr'>finiretur,</span> 
     </span>
     <span class='ocr_line' id='line_1_14' title="bbox 152 1783 1275 1870; baseline 0.003 -22"><span class='ocrx_word' id='word_1_117' title='bbox 152 1784 235 1867; x_wconf 86' lang='lat' dir='ltr'>qnod</span> <span class='ocrx_word' id='word_1_118' title='bbox 265 1785 341 1849; x_wconf 89' lang='lat' dir='ltr'>fecit</span> <span class='ocrx_word' id='word_1_119' title='bbox 370 1783 554 1847; x_wconf 88' lang='lat' dir='ltr'>Balduinus.</span> <span class='ocrx_word' id='word_1_120' title='bbox 588 1784 643 1848; x_wconf 88' lang='lat' dir='ltr'>sed</span> <span class='ocrx_word' id='word_1_121' title='bbox 673 1787 718 1849; x_wconf 88' lang='lat' dir='ltr'>ita</span> <span class='ocrx_word' id='word_1_122' title='bbox 748 1787 852 1869; x_wconf 87' lang='lat' dir='ltr'>fugias</span> <span class='ocrx_word' id='word_1_123' title='bbox 883 1808 922 1851; x_wconf 91' lang='lat' dir='ltr'>ne</span> <span class='ocrx_word' id='word_1_124' title='bbox 953 1791 1074 1870; x_wconf 89' lang='lat' dir='ltr'>praeter</span> <span class='ocrx_word' id='word_1_125' title='bbox 1101 1805 1215 1864; x_wconf 83' lang='lat' dir='ltr'>casam,</span> <span class='ocrx_word' id='word_1_126' title='bbox 1239 1791 1275 1851; x_wconf 92' lang='lat' dir='ltr'>nt</span> 
     </span>
     <span class='ocr_line' id='line_1_15' title="bbox 152 1888 1275 1973; baseline 0 -20"><span class='ocrx_word' id='word_1_127' title='bbox 152 1890 255 1954; x_wconf 87' lang='lat' dir='ltr'>aiunt:</span> <span class='ocrx_word' id='word_1_128' title='bbox 284 1889 395 1972; x_wconf 88' lang='lat' dir='ltr'>capitis</span> <span class='ocrx_word' id='word_1_129' title='bbox 419 1888 501 1953; x_wconf 90' lang='lat' dir='ltr'>enim</span> <span class='ocrx_word' id='word_1_130' title='bbox 526 1889 545 1951; x_wconf 83' lang='lat'><strong>6</strong></span> <span class='ocrx_word' id='word_1_131' title='bbox 568 1888 669 1969; x_wconf 90' lang='lat' dir='ltr'>prima</span> <span class='ocrx_word' id='word_1_132' title='bbox 689 1889 721 1953; x_wconf 93' lang='lat' dir='ltr'>in</span> <span class='ocrx_word' id='word_1_133' title='bbox 744 1892 890 1954; x_wconf 91' lang='lat' dir='ltr'>omnibus</span> <span class='ocrx_word' id='word_1_134' title='bbox 917 1892 1006 1955; x_wconf 88' lang='lat' dir='ltr'>libris</span> <span class='ocrx_word' id='word_1_135' title='bbox 1034 1893 1195 1973; x_wconf 84' lang='lat' dir='ltr'>leguntur:</span> <span class='ocrx_word' id='word_1_136' title='bbox 1222 1892 1275 1954; x_wconf 84' lang='lat' dir='ltr'>sed</span> 
     </span>
     <span class='ocr_line' id='line_1_16' title="bbox 150 1992 1356 2079; baseline -0.001 -21"><span class='ocrx_word' id='word_1_137' title='bbox 150 1997 186 2058; x_wconf 79' lang='lat' dir='ltr'>ot</span> <span class='ocrx_word' id='word_1_138' title='bbox 220 1994 262 2061; x_wconf 84' lang='lat' dir='ltr'>ad</span> <span class='ocrx_word' id='word_1_139' title='bbox 294 1993 387 2074; x_wconf 79' lang='lat' dir='ltr'>paolo</span> <span class='ocrx_word' id='word_1_140' title='bbox 422 1997 494 2057; x_wconf 83' lang='lat' dir='ltr'>cate</span> <span class='ocrx_word' id='word_1_141' title='bbox 529 1992 643 2056; x_wconf 81' lang='lat' dir='ltr'>dictem</span> <span class='ocrx_word' id='word_1_142' title='bbox 674 1992 782 2079; x_wconf 84' lang='lat' dir='ltr'>(dicto)</span> <span class='ocrx_word' id='word_1_143' title='bbox 818 1994 978 2059; x_wconf 76' lang='lat' dir='ltr'>redeuutes</span> <span class='ocrx_word' id='word_1_144' title='bbox 1012 1995 1076 2057; x_wconf 82' lang='lat' dir='ltr'>iam</span> <span class='ocrx_word' id='word_1_145' title='bbox 1112 1995 1155 2058; x_wconf 81' lang='lat' dir='ltr'>ad</span> <span class='ocrx_word' id='word_1_146' title='bbox 1188 1995 1275 2058; x_wconf 81' lang='grc'><strong>111666</strong></span> <span class='ocrx_word' id='word_1_147' title='bbox 1355 2031 1356 2034; x_wconf 61' lang='lat'><em>=</em></span> 
     </span>
     <span class='ocr_line' id='line_1_17' title="bbox 151 2098 1275 2182; baseline 0.002 -18"><span class='ocrx_word' id='word_1_148' title='bbox 151 2100 249 2164; x_wconf 81' lang='grc'><strong>166666</strong></span> <span class='ocrx_word' id='word_1_149' title='bbox 271 2118 297 2163; x_wconf 89' lang='grc'>6.</span> <span class='ocrx_word' id='word_1_150' title='bbox 322 2120 351 2182; x_wconf 91' lang='lat' dir='ltr'>q.</span> <span class='ocrx_word' id='word_1_151' title='bbox 376 2120 421 2182; x_wconf 88' lang='lat' dir='ltr'>sq.</span> <span class='ocrx_word' id='word_1_152' title='bbox 445 2099 526 2163; x_wconf 89' lang='lat' dir='ltr'>illud</span> <span class='ocrx_word' id='word_1_153' title='bbox 541 2098 639 2179; x_wconf 79' lang='lat' dir='ltr'>pacto</span> <span class='ocrx_word' id='word_1_154' title='bbox 662 2103 732 2162; x_wconf 79' lang='grc'><strong>6616</strong></span> <span class='ocrx_word' id='word_1_155' title='bbox 754 2099 785 2163; x_wconf 88' lang='grc'>16</span> <span class='ocrx_word' id='word_1_156' title='bbox 807 2099 886 2164; x_wconf 88' lang='lat' dir='ltr'>libro</span> <span class='ocrx_word' id='word_1_157' title='bbox 905 2100 966 2164; x_wconf 90' lang='lat' dir='ltr'>VII</span> <span class='ocrx_word' id='word_1_158' title='bbox 985 2101 1149 2165; x_wconf 61' lang='lat' dir='ltr'>commode,</span> <span class='ocrx_word' id='word_1_159' title='bbox 1168 2100 1275 2166; x_wconf 78' lang='lat' dir='ltr'>referri</span> 
     </span>
     <span class='ocr_line' id='line_1_18' title="bbox 151 2204 1273 2291; baseline -0.004 -20"><span class='ocrx_word' id='word_1_160' title='bbox 151 2225 244 2291; x_wconf 90' lang='lat' dir='ltr'>posse</span> <span class='ocrx_word' id='word_1_161' title='bbox 267 2207 306 2270; x_wconf 90' lang='lat' dir='ltr'>ad</span> <span class='ocrx_word' id='word_1_162' title='bbox 324 2206 439 2270; x_wconf 88' lang='lat' dir='ltr'>librum</span> <span class='ocrx_word' id='word_1_163' title='bbox 453 2204 497 2268; x_wconf 88' lang='lat' dir='ltr'>VI</span> <span class='ocrx_word' id='word_1_164' title='bbox 515 2205 585 2286; x_wconf 91' lang='lat' dir='ltr'>quis</span> <span class='ocrx_word' id='word_1_165' title='bbox 605 2204 689 2268; x_wconf 89' lang='lat' dir='ltr'>ausit</span> <span class='ocrx_word' id='word_1_166' title='bbox 705 2205 890 2286; x_wconf 89' lang='lat' dir='ltr'>persuadere</span> <span class='ocrx_word' id='word_1_167' title='bbox 909 2209 924 2267; x_wconf 78' lang='grc'>1</span> <span class='ocrx_word' id='word_1_168' title='bbox 944 2205 992 2268; x_wconf 91' lang='lat' dir='ltr'>sin</span> <span class='ocrx_word' id='word_1_169' title='bbox 1011 2209 1116 2268; x_wconf 88' lang='lat' dir='ltr'>antem</span> <span class='ocrx_word' id='word_1_170' title='bbox 1134 2207 1167 2269; x_wconf 91' lang='lat' dir='ltr'>et</span> <span class='ocrx_word' id='word_1_171' title='bbox 1185 2224 1273 2288; x_wconf 88' lang='lat' dir='ltr'>capp.</span> 
     </span>
    </p>

    <p class='ocr_par' dir='ltr' id='par_1_5' title="bbox 95 2309 1275 3270">
     <span class='ocr_line' id='line_1_19' title="bbox 95 2309 1274 2391; baseline -0.002 -15"><span class='ocrx_word' id='word_1_172' title='bbox 95 2340 96 2344; x_wconf 39' lang='lat'>¹</span> <span class='ocrx_word' id='word_1_173' title='bbox 152 2312 337 2389; x_wconf 73' lang='grc'><strong>67161116</strong></span> <span class='ocrx_word' id='word_1_174' title='bbox 363 2311 443 2375; x_wconf 89' lang='lat' dir='ltr'>libro</span> <span class='ocrx_word' id='word_1_175' title='bbox 471 2311 628 2388; x_wconf 89' lang='lat' dir='ltr'>adsuercs,</span> <span class='ocrx_word' id='word_1_176' title='bbox 657 2309 794 2391; x_wconf 87' lang='lat' dir='ltr'>profecto</span> <span class='ocrx_word' id='word_1_177' title='bbox 822 2309 902 2373; x_wconf 90' lang='lat' dir='ltr'>nihil</span> <span class='ocrx_word' id='word_1_178' title='bbox 928 2311 1007 2374; x_wconf 90' lang='lat' dir='ltr'>lucri</span> <span class='ocrx_word' id='word_1_179' title='bbox 1035 2310 1167 2374; x_wconf 80' lang='lat' dir='ltr'>adferret</span> <span class='ocrx_word' id='word_1_180' title='bbox 1197 2311 1274 2374; x_wconf 91' lang='lat' dir='ltr'>haec</span> 
     </span>
     <span class='ocr_line' id='line_1_20' title="bbox 151 2415 1274 2499; baseline -0.004 -19"><span class='ocrx_word' id='word_1_181' title='bbox 151 2418 363 2499; x_wconf 88' lang='lat' dir='ltr'>transpositio.</span> <span class='ocrx_word' id='word_1_182' title='bbox 391 2436 461 2480; x_wconf 90' lang='lat' dir='ltr'>nam</span> <span class='ocrx_word' id='word_1_183' title='bbox 488 2434 587 2498; x_wconf 92' lang='lat' dir='ltr'>neque</span> <span class='ocrx_word' id='word_1_184' title='bbox 614 2416 791 2497; x_wconf 87' lang='lat' dir='ltr'>postremus</span> <span class='ocrx_word' id='word_1_185' title='bbox 814 2415 894 2478; x_wconf 89' lang='lat' dir='ltr'>liber</span> <span class='ocrx_word' id='word_1_186' title='bbox 916 2416 1033 2478; x_wconf 80' lang='lat' dir='ltr'>exitum</span> <span class='ocrx_word' id='word_1_187' title='bbox 1056 2415 1185 2477; x_wconf 89' lang='lat' dir='ltr'>haberet</span> <span class='ocrx_word' id='word_1_188' title='bbox 1206 2433 1274 2496; x_wconf 90' lang='lat' dir='ltr'>pro·</span> 
     </span>
     <span class='ocr_line' id='line_1_21' title="bbox 151 2518 1274 2600; baseline -0.004 -13"><span class='ocrx_word' id='word_1_189' title='bbox 151 2519 287 2588; x_wconf 78' lang='lat' dir='ltr'>b‘abilem</span> <span class='ocrx_word' id='word_1_190' title='bbox 310 2525 342 2586; x_wconf 89' lang='lat' dir='ltr'>et</span> <span class='ocrx_word' id='word_1_191' title='bbox 363 2522 442 2585; x_wconf 88' lang='lat' dir='ltr'>liber</span> <span class='ocrx_word' id='word_1_192' title='bbox 463 2521 587 2598; x_wconf 72' lang='lat' dir='ltr'>tertius</span> <span class='ocrx_word' id='word_1_193' title='bbox 611 2520 701 2585; x_wconf 90' lang='lat' dir='ltr'>cuius</span> <span class='ocrx_word' id='word_1_194' title='bbox 724 2519 795 2583; x_wconf 88' lang='lat' dir='ltr'>finis</span> <span class='ocrx_word' id='word_1_195' title='bbox 818 2519 1009 2600; x_wconf 88' lang='lat' dir='ltr'>transposito</span> <span class='ocrx_word' id='word_1_196' title='bbox 1028 2519 1084 2583; x_wconf 91' lang='lat' dir='ltr'>illo</span> <span class='ocrx_word' id='word_1_197' title='bbox 1102 2518 1172 2582; x_wconf 92' lang='lat' dir='ltr'>loco</span> <span class='ocrx_word' id='word_1_198' title='bbox 1191 2518 1274 2582; x_wconf 88' lang='lat' dir='ltr'>haud</span> 
     </span>
     <span class='ocr_line' id='line_1_22' title="bbox 151 2622 1274 2704; baseline -0.006 -11"><span class='ocrx_word' id='word_1_199' title='bbox 151 2628 367 2694; x_wconf 90' lang='lat' dir='ltr'>incommodus</span> <span class='ocrx_word' id='word_1_200' title='bbox 408 2627 547 2704; x_wconf 90' lang='lat' dir='ltr'>uidetur,</span> <span class='ocrx_word' id='word_1_201' title='bbox 597 2625 629 2689; x_wconf 94' lang='lat' dir='ltr'>in</span> <span class='ocrx_word' id='word_1_202' title='bbox 671 2625 815 2690; x_wconf 86' lang='lat' dir='ltr'>extremis</span> <span class='ocrx_word' id='word_1_203' title='bbox 852 2624 1016 2688; x_wconf 86' lang='lat' dir='ltr'>mutilatus</span> <span class='ocrx_word' id='word_1_204' title='bbox 1058 2626 1091 2687; x_wconf 91' lang='lat' dir='ltr'>et</span> <span class='ocrx_word' id='word_1_205' title='bbox 1130 2622 1274 2689; x_wconf 91' lang='lat' dir='ltr'>codicum</span> 
     </span>
     <span class='ocr_line' id='line_1_23' title="bbox 152 2728 1273 2812; baseline -0.008 -12"><span class='ocrx_word' id='word_1_206' title='bbox 152 2734 276 2800; x_wconf 88' lang='lat' dir='ltr'>silentio</span> <span class='ocrx_word' id='word_1_207' title='bbox 300 2736 462 2797; x_wconf 88' lang='lat' dir='ltr'>truncatus</span> <span class='ocrx_word' id='word_1_208' title='bbox 487 2733 658 2797; x_wconf 82' lang='lat' dir='ltr'>exsisteret.</span> <span class='ocrx_word' id='word_1_209' title='bbox 681 2732 787 2812; x_wconf 89' lang='lat' dir='ltr'>itaque</span> <span class='ocrx_word' id='word_1_210' title='bbox 815 2751 875 2795; x_wconf 93' lang='lat' dir='ltr'>non</span> <span class='ocrx_word' id='word_1_211' title='bbox 901 2728 1079 2793; x_wconf 91' lang='lat' dir='ltr'>mirandum</span> <span class='ocrx_word' id='word_1_212' title='bbox 1102 2731 1151 2793; x_wconf 87' lang='lat' dir='ltr'>est</span> <span class='ocrx_word' id='word_1_213' title='bbox 1172 2729 1273 2811; x_wconf 90' lang='lat' dir='ltr'>ipsam</span> 
     </span>
     <span class='ocr_line' id='line_1_24' title="bbox 151 2834 1273 2921; baseline -0.006 -17"><span class='ocrx_word' id='word_1_214' title='bbox 151 2840 222 2904; x_wconf 90' lang='lat' dir='ltr'>libri</span> <span class='ocrx_word' id='word_1_215' title='bbox 245 2839 372 2921; x_wconf 89' lang='lat' dir='ltr'>septimi</span> <span class='ocrx_word' id='word_1_216' title='bbox 397 2838 546 2903; x_wconf 88' lang='lat' dir='ltr'>rationem</span> <span class='ocrx_word' id='word_1_217' title='bbox 574 2837 730 2918; x_wconf 86' lang='lat' dir='ltr'>finemque</span> <span class='ocrx_word' id='word_1_218' title='bbox 762 2855 797 2899; x_wconf 85' lang='lat' dir='ltr'>ex</span> <span class='ocrx_word' id='word_1_219' title='bbox 827 2836 986 2901; x_wconf 90' lang='lat' dir='ltr'>incondita</span> <span class='ocrx_word' id='word_1_220' title='bbox 1021 2853 1114 2916; x_wconf 90' lang='lat' dir='ltr'>quam</span> <span class='ocrx_word' id='word_1_221' title='bbox 1150 2834 1273 2898; x_wconf 86' lang='lat' dir='ltr'>codices</span> 
     </span>
     <span class='ocr_line' id='line_1_25' title="bbox 151 2939 1273 3029; baseline -0.008 -20"><span class='ocrx_word' id='word_1_222' title='bbox 151 2945 301 3029; x_wconf 84' lang='lat' dir='ltr'>praebent</span> <span class='ocrx_word' id='word_1_223' title='bbox 330 2944 496 3009; x_wconf 84' lang='lat' dir='ltr'>traditione</span> <span class='ocrx_word' id='word_1_224' title='bbox 527 2942 676 3027; x_wconf 89' lang='lat' dir='ltr'>patefieri.</span> <span class='ocrx_word' id='word_1_225' title='bbox 716 2942 750 3006; x_wconf 91' lang='lat' dir='ltr'>id</span> <span class='ocrx_word' id='word_1_226' title='bbox 781 2961 879 3006; x_wconf 90' lang='lat' dir='ltr'>unum</span> <span class='ocrx_word' id='word_1_227' title='bbox 915 2941 1047 3022; x_wconf 92' lang='lat' dir='ltr'>denique</span> <span class='ocrx_word' id='word_1_228' title='bbox 1083 2939 1273 3003; x_wconf 90' lang='lat' dir='ltr'>monendum</span> 
     </span>
     <span class='ocr_line' id='line_1_26' title="bbox 152 3041 1273 3130; baseline -0.006 -17"><span class='ocrx_word' id='word_1_229' title='bbox 152 3050 277 3115; x_wconf 89' lang='lat' dir='ltr'>uidetur</span> <span class='ocrx_word' id='word_1_230' title='bbox 291 3041 513 3114; x_wconf 51' lang='lat' dir='ltr'>&#39;additamenta</span> <span class='ocrx_word' id='word_1_231' title='bbox 538 3049 594 3112; x_wconf 89' lang='lat' dir='ltr'>illa</span> <span class='ocrx_word' id='word_1_232' title='bbox 614 3048 736 3112; x_wconf 76' lang='lat' dir='ltr'>Tiliana</span> <span class='ocrx_word' id='word_1_233' title='bbox 762 3050 794 3111; x_wconf 93' lang='lat' dir='ltr'>et</span> <span class='ocrx_word' id='word_1_234' title='bbox 819 3047 852 3110; x_wconf 91' lang='lat' dir='ltr'>in</span> <span class='ocrx_word' id='word_1_235' title='bbox 880 3043 1139 3130; x_wconf 83' lang='lat' dir='ltr'>Sangerrnanensi</span> <span class='ocrx_word' id='word_1_236' title='bbox 1167 3045 1273 3107; x_wconf 83' lang='grc'><strong>11623</strong></span> 
     </span>
     <span class='ocr_line' id='line_1_27' title="bbox 153 3147 1275 3270; baseline -0.009 -50"><span class='ocrx_word' id='word_1_237' title='bbox 153 3154 388 3241; x_wconf 67' lang='lat' dir='ltr'>(materiam.)</span> <span class='ocrx_word' id='word_1_238' title='bbox 406 3153 573 3219; x_wconf 89' lang='lat' dir='ltr'>desiderari</span> <span class='ocrx_word' id='word_1_239' title='bbox 584 3202 591 3216; x_wconf 90' lang='lat'><strong>.</strong></span> <span class='ocrx_word' id='word_1_240' title='bbox 602 3173 673 3217; x_wconf 90' lang='lat' dir='ltr'>nam</span> <span class='ocrx_word' id='word_1_241' title='bbox 692 3153 849 3218; x_wconf 85' lang='lat' dir='ltr'>adnotatio</span> <span class='ocrx_word' id='word_1_242' title='bbox 868 3151 940 3270; x_wconf 83' lang='lat' dir='ltr'>uqci</span> <span class='ocrx_word' id='word_1_243' title='bbox 957 3151 1101 3213; x_wconf 78' lang='lat' dir='ltr'>ueritatis</span> <span class='ocrx_word' id='word_1_244' title='bbox 1119 3147 1275 3229; x_wconf 85' lang='lat' dir='ltr'>adscripta</span> 
     </span>
    </p>
   </div>
   <div class='ocr_carea' id='block_1_3' title="bbox 10 3270 1372 4200">
    <p class='ocr_par' dir='ltr' id='par_1_6' title="bbox 10 3270 1354 3473">
     <span class='ocr_line' id='line_1_28' title="bbox 10 3270 1272 3374; baseline -0.009 -21"><span class='ocrx_word' id='word_1_245' title='bbox 10 3270 17 3303; x_wconf 74' lang='lat'>²</span> <span class='ocrx_word' id='word_1_246' title='bbox 153 3287 195 3372; x_wconf 79' lang='lat' dir='ltr'>(p.</span> <span class='ocrx_word' id='word_1_247' title='bbox 220 3287 487 3374; x_wconf 66' lang='grc'><strong>1666666666</strong></span> <span class='ocrx_word' id='word_1_248' title='bbox 502 3285 722 3349; x_wconf 58' lang='lat' dir='ltr'>attractant</span> <span class='ocrx_word' id='word_1_249' title='bbox 736 3285 770 3347; x_wconf 77' lang='lat' dir='ltr'>a</span> <span class='ocrx_word' id='word_1_250' title='bbox 786 3280 976 3349; x_wconf 65' lang='grc'><strong>6666666</strong></span> <span class='ocrx_word' id='word_1_251' title='bbox 990 3281 1062 3369; x_wconf 72' lang='lat' dir='ltr'>(sc)</span> <span class='ocrx_word' id='word_1_252' title='bbox 1077 3286 1133 3343; x_wconf 73' lang='lat' dir='ltr'>aaa</span> <span class='ocrx_word' id='word_1_253' title='bbox 1147 3281 1166 3342; x_wconf 84' lang='lat'>5</span> <span class='ocrx_word' id='word_1_254' title='bbox 1173 3278 1272 3360; x_wconf 74' lang='grc'><strong>666.</strong></span> 
     </span>
     <span class='ocr_line' id='line_1_29' title="bbox 148 3380 1354 3473; baseline -0.014 -16"><span class='ocrx_word' id='word_1_255' title='bbox 148 3387 206 3473; x_wconf 73' lang='lat' dir='ltr'>En</span> <span class='ocrx_word' id='word_1_256' title='bbox 228 3394 288 3457; x_wconf 77' lang='grc'><strong>6166</strong></span> <span class='ocrx_word' id='word_1_257' title='bbox 312 3391 390 3456; x_wconf 81' lang='lat' dir='ltr'>MS⁰</span> <span class='ocrx_word' id='word_1_258' title='bbox 411 3392 584 3472; x_wconf 77' lang='lat' dir='ltr'>antiquiore</span> <span class='ocrx_word' id='word_1_259' title='bbox 609 3391 765 3470; x_wconf 75' lang='lat' dir='ltr'>sequeutia</span> <span class='ocrx_word' id='word_1_260' title='bbox 791 3387 1020 3452; x_wconf 79' lang='lat' dir='ltr'>obsoruccimas</span> <span class='ocrx_word' id='word_1_261' title='bbox 1046 3382 1159 3464; x_wconf 88' lang='lat' dir='ltr'>partim</span> <span class='ocrx_word' id='word_1_262' title='bbox 1187 3380 1225 3443; x_wconf 89' lang='lat' dir='ltr'>ad</span> <span class='ocrx_word' id='word_1_263' title='bbox 1247 3381 1273 3443; x_wconf 91' lang='lat' dir='ltr'>B</span> <span class='ocrx_word' id='word_1_264' title='bbox 1352 3381 1354 3384; x_wconf 78' lang='grc'>’</span> 
     </span>
    </p>

    <p class='ocr_par' dir='ltr' id='par_1_7' title="bbox 153 3485 1274 3586">
     <span class='ocr_line' id='line_1_30' title="bbox 153 3485 1274 3586; baseline -0.013 -24"><span class='ocrx_word' id='word_1_265' title='bbox 153 3499 296 3586; x_wconf 79' lang='lat' dir='ltr'>pertinet,</span> <span class='ocrx_word' id='word_1_266' title='bbox 330 3498 384 3581; x_wconf 90' lang='lat' dir='ltr'>qni</span> <span class='ocrx_word' id='word_1_267' title='bbox 414 3496 554 3580; x_wconf 85' lang='lat' dir='ltr'>proiecto</span> <span class='ocrx_word' id='word_1_268' title='bbox 585 3497 679 3560; x_wconf 90' lang='lat' dir='ltr'>uerbo</span> <span class='ocrx_word' id='word_1_269' title='bbox 711 3496 766 3559; x_wconf 92' lang='grc'><strong>1116</strong></span> <span class='ocrx_word' id='word_1_270' title='bbox 800 3492 935 3574; x_wconf 85' lang='lat' dir='ltr'>explicit,</span> <span class='ocrx_word' id='word_1_271' title='bbox 962 3486 1196 3571; x_wconf 79' lang='lat' dir='ltr'>partimodit,</span> <span class='ocrx_word' id='word_1_272' title='bbox 1221 3485 1274 3567; x_wconf 89' lang='lat' dir='ltr'>qui</span> 
     </span>
    </p>

    <p class='ocr_par' dir='ltr' id='par_1_8' title="bbox 108 3588 1275 3687">
     <span class='ocr_line' id='line_1_31' title="bbox 108 3588 1275 3687; baseline -0.015 -16"><span class='ocrx_word' id='word_1_273' title='bbox 108 3602 111 3607; x_wconf 74' lang='grc'><strong>’</strong></span> <span class='ocrx_word' id='word_1_274' title='bbox 155 3604 250 3670; x_wconf 79' lang='lat' dir='ltr'>codex</span> <span class='ocrx_word' id='word_1_275' title='bbox 272 3623 345 3669; x_wconf 90' lang='lat' dir='ltr'>sane</span> <span class='ocrx_word' id='word_1_276' title='bbox 368 3603 525 3687; x_wconf 89' lang='lat' dir='ltr'>antiquior</span> <span class='ocrx_word' id='word_1_277' title='bbox 546 3603 730 3687; x_wconf 79' lang='lat' dir='ltr'>spatiosiore</span> <span class='ocrx_word' id='word_1_278' title='bbox 751 3601 864 3665; x_wconf 89' lang='lat' dir='ltr'>lacuna</span> <span class='ocrx_word' id='word_1_279' title='bbox 886 3596 928 3679; x_wconf 78' lang='lat' dir='ltr'>(p.</span> <span class='ocrx_word' id='word_1_280' title='bbox 954 3595 1026 3670; x_wconf 85' lang='lat'>180,</span> <span class='ocrx_word' id='word_1_281' title='bbox 1051 3593 1129 3656; x_wconf 83' lang='lat'>5-</span> <span class='ocrx_word' id='word_1_282' title='bbox 1144 3593 1216 3669; x_wconf 89' lang='grc'><strong>181,</strong></span> <span class='ocrx_word' id='word_1_283' title='bbox 1241 3588 1275 3668; x_wconf 92' lang='grc'>1)</span> 
     </span>
    </p>

    <p class='ocr_par' dir='ltr' id='par_1_9' title="bbox 153 3701 1011 3792">
     <span class='ocr_line' id='line_1_32' title="bbox 153 3701 1011 3792; baseline -0.015 -18"><span class='ocrx_word' id='word_1_284' title='bbox 153 3711 343 3792; x_wconf 89' lang='lat' dir='ltr'>interruptus</span> <span class='ocrx_word' id='word_1_285' title='bbox 365 3709 485 3792; x_wconf 87' lang='lat' dir='ltr'>reliqua</span> <span class='ocrx_word' id='word_1_286' title='bbox 507 3708 546 3773; x_wconf 92' lang='lat' dir='ltr'>ad</span> <span class='ocrx_word' id='word_1_287' title='bbox 567 3708 661 3774; x_wconf 91' lang='lat' dir='ltr'>finem</span> <span class='ocrx_word' id='word_1_288' title='bbox 683 3725 784 3788; x_wconf 84' lang='lat' dir='ltr'>usqne</span> <span class='ocrx_word' id='word_1_289' title='bbox 806 3701 1011 3786; x_wconf 88' lang='lat' dir='ltr'>persequitur.</span> 
     </span>
    </p>

    <p class='ocr_par' dir='ltr' id='par_1_10' title="bbox 153 3806 1372 4004">
     <span class='ocr_line' id='line_1_33' title="bbox 196 3806 1372 3898; baseline -0.016 -17"><span class='ocrx_word' id='word_1_290' title='bbox 196 3817 317 3893; x_wconf 83' lang='lat' dir='ltr'>Restat,</span> <span class='ocrx_word' id='word_1_291' title='bbox 341 3819 377 3880; x_wconf 89' lang='lat' dir='ltr'>ut</span> <span class='ocrx_word' id='word_1_292' title='bbox 399 3816 437 3881; x_wconf 93' lang='lat' dir='ltr'>de</span> <span class='ocrx_word' id='word_1_293' title='bbox 459 3815 519 3880; x_wconf 84' lang='lat' dir='ltr'>fido</span> <span class='ocrx_word' id='word_1_294' title='bbox 542 3834 578 3880; x_wconf 90' lang='lat' dir='ltr'>ac</span> <span class='ocrx_word' id='word_1_295' title='bbox 601 3813 785 3897; x_wconf 78' lang='lat' dir='ltr'>cognatione</span> <span class='ocrx_word' id='word_1_296' title='bbox 801 3809 996 3892; x_wconf 85' lang='lat' dir='ltr'>singulorum</span> <span class='ocrx_word' id='word_1_297' title='bbox 1019 3806 1172 3881; x_wconf 86' lang='lat' dir='ltr'>codicum,</span> <span class='ocrx_word' id='word_1_298' title='bbox 1197 3820 1274 3882; x_wconf 93' lang='lat' dir='ltr'>quos</span> <span class='ocrx_word' id='word_1_299' title='bbox 1284 3806 1372 3898; x_wconf 50' lang='lat' dir='ltr'>”ggi-</span> 
     </span>
     <span class='ocr_line' id='line_1_34' title="bbox 153 3908 1369 4004; baseline -0.014 -18"><span class='ocrx_word' id='word_1_300' title='bbox 153 3923 247 3986; x_wconf 91' lang='lat' dir='ltr'>huius</span> <span class='ocrx_word' id='word_1_301' title='bbox 271 3920 414 3986; x_wconf 87' lang='lat' dir='ltr'>editionis</span> <span class='ocrx_word' id='word_1_302' title='bbox 437 3940 531 4003; x_wconf 90' lang='lat' dir='ltr'>supra</span> <span class='ocrx_word' id='word_1_303' title='bbox 552 3919 714 4001; x_wconf 83' lang='lat' dir='ltr'>percensui</span> <span class='ocrx_word' id='word_1_304' title='bbox 735 3915 948 3991; x_wconf 86' lang='lat' dir='ltr'>fundamenta,</span> <span class='ocrx_word' id='word_1_305' title='bbox 966 3912 1119 3976; x_wconf 89' lang='lat' dir='ltr'>rationem</span> <span class='ocrx_word' id='word_1_306' title='bbox 1136 3908 1272 3973; x_wconf 88' lang='lat' dir='ltr'>reddam.</span> <span class='ocrx_word' id='word_1_307' title='bbox 1288 3913 1369 4004; x_wconf 49' lang='lat'>{3223</span> 
     </span>
    </p>

    <p class='ocr_par' dir='ltr' id='par_1_11' title="bbox 155 4011 1276 4110">
     <span class='ocr_line' id='line_1_35' title="bbox 155 4011 1276 4110; baseline -0.017 -17"><span class='ocrx_word' id='word_1_308' title='bbox 155 4028 238 4110; x_wconf 92' lang='lat' dir='ltr'>quod</span> <span class='ocrx_word' id='word_1_309' title='bbox 260 4017 410 4092; x_wconf 88' lang='lat' dir='ltr'>librorum</span> <span class='ocrx_word' id='word_1_310' title='bbox 432 4027 546 4090; x_wconf 86' lang='lat' dir='ltr'>attinet</span> <span class='ocrx_word' id='word_1_311' title='bbox 568 4025 796 4106; x_wconf 83' lang='lat' dir='ltr'>antiquitatem,</span> <span class='ocrx_word' id='word_1_312' title='bbox 824 4021 855 4084; x_wconf 91' lang='grc'>16</span> <span class='ocrx_word' id='word_1_313' title='bbox 893 4018 1142 4106; x_wconf 88' lang='lat' dir='ltr'>diuersissimum</span> <span class='ocrx_word' id='word_1_314' title='bbox 1178 4011 1276 4075; x_wconf 90' lang='lat' dir='ltr'>disce·</span> 
     </span>
    </p>

    <p class='ocr_par' dir='ltr' id='par_1_12' title="bbox 156 4122 1275 4200">
     <span class='ocr_line' id='line_1_36' title="bbox 156 4122 1275 4200; baseline -0.018 -3"><span class='ocrx_word' id='word_1_315' title='bbox 156 4133 272 4199; x_wconf 91' lang='lat' dir='ltr'>duntP</span> <span class='ocrx_word' id='word_1_316' title='bbox 286 4151 367 4198; x_wconf 89' lang='lat' dir='ltr'>saec.</span> <span class='ocrx_word' id='word_1_317' title='bbox 383 4131 412 4193; x_wconf 91' lang='lat' dir='ltr'><strong>V</strong></span> <span class='ocrx_word' id='word_1_318' title='bbox 425 4133 479 4196; x_wconf 90' lang='lat' dir='ltr'>uel</span> <span class='ocrx_word' id='word_1_319' title='bbox 493 4130 537 4193; x_wconf 93' lang='lat' dir='ltr'>VI</span> <span class='ocrx_word' id='word_1_320' title='bbox 551 4131 584 4193; x_wconf 92' lang='lat' dir='ltr'>et</span> <span class='ocrx_word' id='word_1_321' title='bbox 597 4128 625 4193; x_wconf 80' lang='lat' dir='ltr'><strong>G</strong></span> <span class='ocrx_word' id='word_1_322' title='bbox 640 4148 665 4193; x_wconf 92' lang='lat' dir='ltr'>s.</span> <span class='ocrx_word' id='word_1_323' title='bbox 680 4126 748 4191; x_wconf 86' lang='lat' dir='ltr'>XV.</span> <span class='ocrx_word' id='word_1_324' title='bbox 762 4131 866 4190; x_wconf 87' lang='lat' dir='ltr'>tamen</span> <span class='ocrx_word' id='word_1_325' title='bbox 889 4123 967 4187; x_wconf 88' lang='lat' dir='ltr'>mira</span> <span class='ocrx_word' id='word_1_326' title='bbox 988 4122 1093 4186; x_wconf 90' lang='lat' dir='ltr'>nescio</span> <span class='ocrx_word' id='word_1_327' title='bbox 1122 4136 1183 4200; x_wconf 88' lang='lat' dir='ltr'>qua</span> <span class='ocrx_word' id='word_1_328' title='bbox 1205 4134 1275 4179; x_wconf 89' lang='grc'><strong>666-</strong></span> 
     </span>
    </p>
   </div>
   <div class='ocr_carea' id='block_1_4' title="bbox 156 4225 1275 4312">
    <p class='ocr_par' dir='ltr' id='par_1_13' title="bbox 156 4225 1275 4312">
     <span class='ocr_line' id='line_1_37' title="bbox 156 4225 1275 4312; baseline -0.019 -10"><span class='ocrx_word' id='word_1_329' title='bbox 156 4257 261 4302; x_wconf 88' lang='lat' dir='ltr'>sarum</span> <span class='ocrx_word' id='word_1_330' title='bbox 270 4238 349 4302; x_wconf 89' lang='lat' dir='ltr'>serie</span> <span class='ocrx_word' id='word_1_331' title='bbox 358 4237 392 4301; x_wconf 92' lang='lat' dir='ltr'>hi</span> <span class='ocrx_word' id='word_1_332' title='bbox 400 4235 471 4301; x_wconf 86' lang='lat' dir='ltr'>libri</span> <span class='ocrx_word' id='word_1_333' title='bbox 481 4253 574 4298; x_wconf 88' lang='lat' dir='ltr'>unam</span> <span class='ocrx_word' id='word_1_334' title='bbox 583 4233 726 4299; x_wconf 91' lang='lat' dir='ltr'>codicum</span> <span class='ocrx_word' id='word_1_335' title='bbox 736 4231 885 4295; x_wconf 77' lang='lat' dir='ltr'>familiam</span> <span class='ocrx_word' id='word_1_336' title='bbox 895 4225 1135 4312; x_wconf 86' lang='lat' dir='ltr'>repraesentant,</span> <span class='ocrx_word' id='word_1_337' title='bbox 1145 4239 1275 4304; x_wconf 88' lang='lat' dir='ltr'>quorum</span> 
     </span>
    </p>
   </div>
   <div class='ocr_carea' id='block_1_5' title="bbox 210 4339 1203 4399">
    <p class='ocr_par' dir='ltr' id='par_1_14' title="bbox 210 4339 1203 4399">
     <span class='ocr_line' id='line_1_38' title="bbox 210 4339 1203 4399; baseline -0.011 -1"><span class='ocrx_word' id='word_1_338' title='bbox 210 4361 287 4399; x_wconf 74' lang='lat' dir='ltr'>xxvi.</span> <span class='ocrx_word' id='word_1_339' title='bbox 1186 4339 1203 4373; x_wconf 59' lang='lat'>2</span> 
     </span>
    </p>
   </div>
   <div class='ocr_carea' id='block_1_6' title="bbox 0 0 1526 4656">
    <p class='ocr_par' dir='ltr' id='par_1_15' title="bbox 0 0 1526 4656">
     <span class='ocr_line' id='line_1_39' title="bbox 0 0 1526 4656; baseline 0 0"><span class='ocrx_word' id='word_1_340' title='bbox 0 0 1526 4656; x_wconf 95' lang='lat' dir='ltr'> </span> 
     </span>
    </p>
   </div>
  </div>
 </body>
</html>
