3044 4656
442 310 914 390 Libenrcptimus‚c.1-2.
1179 327 1245 389 169

130 510 302 592 quoniam
320 515 512 592 peccatum
531 532 600 578 non
618 513 804 591 hebemus,
819 533 884 578 nos
907 513 1009 596 ipsos
1033 514 1241 597 decipimus

131 618 167 679 θῖ
189 616 331 681 ueritas
353 617 389 681 in
412 617 518 683 nobis
537 638 605 688 non
625 621 691 684 θεῖ.
710 619 800 684 cuius
819 619 895 683 dicti
912 620 1063 685 rationem
1080 621 1112 685 in
1132 625 1240 705 quarto

129 721 208 786 libro
230 723 428 788 manifestius
452 724 696 807 explenduirnus.
734 725 789 790 sod
815 725 864 790 fac
886 728 919 790 et
940 725 1061 808 aliquos
1084 745 1152 792 esse
1175 730 1243 791 tote

130 827 294 892 sanctitate
316 830 487 912 periectos:
511 849 571 895 non
593 831 678 909 licet,
702 833 743 895 ut
769 830 833 895 sint
855 830 922 896 sine
948 831 1105 908 fratribus,
1129 832 1183 914 qui
1205 852 1243 897 ne

104 934 326 1015 orcpellcntuu
346 935 527 1021 euangelica
543 940 710 1021 praecepte
727 937 906 1016 reclamant,
926 936 1038 1019 quibus
1058 937 1247 1003 describitur

129 1056 210 1122 ager,
239 1040 293 1122 qui
321 1046 370 1106 est
395 1045 483 1108 totus
512 1043 606 1122 orbis,
635 1043 666 1107 in
694 1060 754 1126 quo
784 1046 832 1108 θεῖ
859 1042 991 1108 ecclesia
1022 1047 1054 1107 et
1076 1044 1245 1108 seminator

128 1144 282 1225 Christus,
312 1147 365 1230 qui
392 1152 557 1232 praecepta
584 1148 638 1214 dat
664 1149 821 1216 salutarie.
860 1149 1051 1215 econtrario
1079 1149 1172 1215 homo
1196 1152 1246 1214 est

127 1253 240 1331 malus,
272 1253 305 1317 id
337 1257 386 1319 est
417 1254 571 1334 diabolus,
600 1256 742 1338 quinon
768 1256 800 1320 in
827 1256 908 1332 luce,
937 1256 991 1320 scd
1018 1274 1073 1339 per
1098 1255 1243 1320 tenebras

127 1359 261 1424 seminat
282 1361 449 1443 inportuna
470 1364 613 1443 peccate3
638 1365 670 1426 θῖ
691 1362 722 1425 in
746 1380 807 1425 uno
831 1380 905 1445 agro
929 1363 1098 1426 nascuntur
1120 1360 1245 1426 diuerso

85 1465 256 1542 cremina,
289 1465 373 1529 sicut
403 1465 435 1529 in
468 1466 601 1530 ecclesia
632 1485 692 1530 non
724 1468 774 1529 θεῖ
804 1465 917 1530 similis
943 1465 1035 1530 turba
1061 1466 1245 1531 animarum.

127 1587 200 1651 ager
222 1569 356 1651 suscipit
378 1570 498 1633 semine
519 1569 601 1634 bona
622 1569 674 1633 uel
696 1571 788 1646 mala,
812 1572 862 1634 est
883 1571 1051 1636 diuersitas
1075 1572 1243 1647 seminum

127 1670 182 1734 sed
205 1673 325 1735 creator
346 1691 428 1735 unus
452 1672 591 1736 omnium
614 1674 663 1747 θεῖ
684 1673 867 1750 animarum,
890 1693 971 1737 unus
995 1673 1139 1739 dominus
1163 1672 1243 1756 agri3

126 1775 181 1838 ubi
203 1777 277 1843 nata
299 1778 374 1838 sunt
395 1775 521 1850 zizania,
545 1775 606 1840 duo
629 1779 704 1840 sunt
730 1760 873 1840 auctores
902 1777 1066 1855 seminum,
1095 1776 1150 1840 sed
1172 1793 1246 1858 ager

126 1899 223 1943 unum
247 1879 408 1944 dominum
430 1881 533 1957 hebet,
552 1881 656 1964 ipsum
676 1881 768 1945 deum
787 1880 956 1946 dominum.
979 1881 1067 1945 illius
1086 1883 1136 1946 θεῖ
1153 1883 1244 1957 terra,

85 2005 108 2043 ιε
128 1984 215 2049 illius
243 1991 318 2050 sunt
343 1985 426 2050 bona
452 1986 581 2064 semina,
608 1986 695 2051 illius
723 1990 772 2051 θεῖ
799 1989 831 2051 θῖ
856 1986 975 2069 pluuia.
1015 1986 1085 2051 ideo
1113 2004 1171 2050 uos
1193 1984 1245 2049 od·

128 2089 242 2155 ductos
263 2091 398 2174 recipere
421 2092 452 2155 in
475 2090 597 2156 unitate
620 2092 846 2169 consensimus,
870 2092 943 2174 quia
965 2091 1054 2157 nobis
1081 2110 1142 2155 non
1169 2091 1246 2155 licet

127 2197 180 2261 uei
207 2216 348 2279 separare
375 2198 428 2262 uel
454 2198 614 2280 repellere,
643 2198 787 2280 quamuis
813 2200 994 2282 peccatores
1021 2197 1053 2262 in
1081 2215 1142 2261 uno
1170 2214 1245 2280 agro

126 2302 289 2367 nobiscum
311 2305 402 2368 natos
424 2321 487 2366 unc
508 2303 628 2386 pluuia,
650 2303 711 2368 hoc
734 2306 783 2368 est
804 2321 866 2368 uno
888 2301 1077 2385 baptismate
1100 2301 1246 2378 nutritos,

127 2407 283 2490 quomodo
305 2426 366 2473 non
388 2407 481 2472 licuit
503 2407 654 2491 apostolis
679 2408 717 2472 de
739 2407 845 2472 tritico
864 2406 982 2472 ciconia
1000 2425 1152 2490 separare,
1171 2405 1245 2488 quic

82 2533 108 2572 ro
127 2513 279 2596 separatio
303 2514 369 2578 sine
393 2513 571 2579 exterminio
594 2514 661 2578 fleri
687 2533 749 2579 non
775 2515 891 2596 potest,
918 2531 956 2578 ne
984 2512 1060 2577 dum
1088 2511 1245 2588 occiditur,

127 2619 210 2700 quod
232 2638 311 2701 opus
334 2638 393 2684 non
417 2623 476 2699 θεῖ,
500 2620 713 2699 conculcetur,
736 2619 821 2703 quod
838 2637 918 2703 opus
937 2621 996 2683 θεῖ.
1018 2618 1135 2702 pariter
1151 2616 1246 2681 iussit

215 2772 247 2826 19
266 2773 311 2826 cfr.
329 2773 426 2827 Maur.
446 2775 486 2836 13,
506 2775 539 2828 29

161 2881 175 2932 1
200 2879 263 2950 quie
286 2881 424 2948 peccatum
445 2878 500 2933 ΒΒ
583 2879 723 2948 dicipimus
747 2881 810 2947 (cic)
834 2881 869 2946 Β,
893 2880 980 2950 decipi
1001 2897 1061 2934 mus
1084 2881 1204 2946 (lacuna
1228 2881 1245 2930 4

126 2996 191 3062 tic.)
210 2995 237 3048 A
289 2958 522 3063 3e1plcnei3imus
541 2996 621 3060 (corr.
640 3008 674 3044 m.
694 2993 725 3058 2)
744 2991 772 3046 Β
841 2995 885 3048 fec
903 2994 1007 3065 aliquos
1025 2995 1051 3046 A
1122 2994 1166 3045 tot
1184 2992 1243 3059 (ec.

127 3084 144 3136 l.
162 3100 196 3137 m.
216 3086 244 3152 2)
263 3083 290 3135 A
377 3080 463 3150 4qui
485 3096 532 3135 nec
555 3081 579 3149 (c
602 3079 652 3132 dcl.
671 3081 747 3145 m.1)
768 3078 797 3144 0,
817 3082 881 3150 quin
898 3080 926 3134 Β
1013 3079 1081 3135 ode
1100 3080 1245 3135 clementes

126 3171 254 3238 scripture
280 3170 436 3224 muniuntur
463 3183 525 3237 eger
555 3166 621 3221 OGb
690 3167 707 3220 6
734 3169 775 3220 θεῖ
802 3168 871 3221 enim
898 3173 973 3223 totns
1001 3173 1062 3237 (om.
1090 3167 1146 3238 qni)
1177 3164 1243 3222 OGb

127 3258 236 3314 colo
258 3259 370 3313 ecclesio
394 3261 421 3325 (e
443 3258 523 3322 cros.)
542 3256 569 3309 A
657 3256 672 3309 7
696 3255 841 3310 calcatorio
862 3257 890 3309 Β
976 3258 992 3312 8
1021 3259 1063 3309 θεῖ
1088 3271 1139 3310 om.
1162 3253 1243 3309 ABB

129 3346 162 3399 10
188 3348 230 3400 sui
256 3347 351 3400 similis
377 3346 412 3410 A,
440 3344 535 3399 similis
561 3343 613 3399 sibi
638 3345 654 3399 b
772 3344 803 3397 11
831 3343 968 3413 suscipicit
993 3344 1038 3398 uel
1064 3342 1192 3411 suscipiat
1216 3342 1244 3396 Β

128 3434 230 3488 semine
248 3438 281 3502 (ε.
301 3437 317 3489 l.
336 3451 369 3490 m.
387 3438 416 3514 .¹)
434 3434 470 3497 Β,
489 3433 632 3502 dupliciter
644 3449 704 3502 pos.
723 3432 750 3486 Β
815 3431 860 3484 uei
877 3430 948 3485 bono
964 3433 992 3485 A
1046 3431 1079 3485 12
1096 3432 1241 3485 animarum

130 3552 172 3603 θεῖ
187 3548 243 3604 RB
320 3549 392 3604 dorni
410 3564 475 3618 ager
494 3549 513 3615 (i
530 3564 551 3603 ε.
571 3548 588 3602 1.
606 3564 639 3603 m.
658 3552 688 3616 2)
707 3547 741 3610 A,
760 3546 860 3601 domini
879 3562 943 3616 ager
963 3545 1013 3600 OG
1101 3547 1134 3600 14
1155 3546 1243 3617 ipsum

131 3636 265 3690 dominum
284 3634 362 3689 deum
379 3635 407 3689 Β
496 3636 529 3690 15
546 3640 610 3689 sunt
624 3635 698 3690 illius
720 3633 769 3689 OG
844 3637 872 3687 et
893 3650 944 3689 om.
963 3633 1061 3697 Acco
1134 3651 1183 3689 nos
1200 3634 1243 3688 cd.

130 3742 179 3778 nos
196 3740 247 3776 roc.
265 3722 292 3776 Β
370 3724 405 3778 18
422 3725 559 3779 nouiscum
580 3725 608 3791 (u
620 3725 701 3792 prius
718 3739 786 3777 corr.
803 3724 835 3777 io
853 3722 869 3776 b
887 3740 921 3777 m.
940 3727 970 3787 2)
988 3723 1015 3776 A
1084 3728 1162 3778 notor
1180 3723 1244 3793 quic

131 3812 253 3867 innuat
314 3812 559 3880 uno(b,iopoo‚)B
627 3809 923 3882 baptislmetoe(e'cetcr
939 3828 984 3865 me
1000 3818 1025 3866 θῖ
1041 3815 1087 3867 tac
1105 3813 1245 3867 homor

132 3930 192 3994 liu,
209 3925 353 3980 numbram
366 3926 499 3994 perforat.
512 3927 556 3979 hic
568 3932 593 3980 et
602 3927 724 3981 accord
735 3927 915 3995 sequentrtuo)
929 3928 965 3987 A.
978 3893 1155 3998 baptismor'
1166 3927 1243 3989 (corr.

132 4033 165 4069 m.
189 4013 270 4077 2111,
293 4016 335 4067 θεῖ
356 4013 384 4066 in
408 4014 570 4083 baptismate
594 4014 610 4067 ῖ
698 4015 731 4066 19
752 4015 816 4069 licui
835 4016 894 4081 (cic,
913 4016 1014 4070 lacrum
1031 4020 1068 4070 10
1087 4016 1147 4075 lito,
1165 4013 1246 4065 iuxta

133 4103 236 4157 mmor.
246 4100 487 4169 foramenlocuno
502 4104 576 4154 5-6
589 4101 640 4155 titt.
652 4101 739 4169 capit)
752 4103 779 4155 A
849 4103 976 4157 zizaniam
988 4102 1043 4159 ΒΒ
1114 4116 1141 4154 εθ
1153 4113 1245 4169 perere

135 4189 251 4253 (ποιεῖν.
269 4190 385 4257 persor.)
408 4188 435 4241 A
486 4189 521 4242 20
543 4189 579 4243 dn
600 4207 626 4242 m
651 4189 769 4256 (mmor.
788 4191 905 4258 persor.)
923 4191 950 4244 A
