3000 4656
590 299 804 354 Praefatio.
1168 309 1259 372 XXV

135 492 248 556 notitia
275 493 425 574 quaedam
453 492 566 576 gallice
593 493 781 576 conscripta,
814 511 876 573 qua
903 494 1137 577 cognoscimus,
1165 518 1260 580 quem

134 597 228 661 hodie
256 595 362 680 Optati
390 597 530 662 codicem
550 597 727 662 Parisinum
749 581 781 660 in
804 598 948 663 manibus
971 599 1132 678 habemns,
1159 603 1261 667 fuisse

135 721 233 765 unum
261 721 296 766 ex
324 721 452 767 numere
475 702 602 767 illerum
630 721 682 766 sex
709 703 1003 787 manuscriptorum,
1031 724 1109 787 quos
1140 706 1261 782 ,l’abbe

134 807 302 873 Reusseler
328 808 436 873 ancien
463 808 638 892 Theologat
660 809 697 874 de
724 828 860 892 peronne
888 829 923 876 se
945 810 1004 874 fait
1025 830 1067 874 un
1089 811 1198 895 plaisir
1220 813 1261 876 de

133 915 280 977 remetire
304 917 390 977 entre
412 914 459 978 les
483 913 583 979 mains
612 914 650 978 de
673 914 734 979 Son
757 914 926 979 llminence
948 915 1037 998 hl'gr.
1061 916 1091 979 le
1115 915 1262 980 cardinal

134 1017 172 1081 de
194 1017 333 1082 Rehan.“
363 1019 396 1082 in
419 1018 469 1083 his
495 1018 585 1084 libris
612 1021 770 1102 praeterea
792 1019 854 1084 due
881 1019 1008 1084 fuerunt
1030 1022 1197 1104 conscripti
1220 1021 1260 1084 ab

132 1123 200 1206 ipso
229 1123 355 1188 Balusio
384 1126 417 1188 et
442 1123 595 1189 Johannis
621 1124 795 1190 Maldenati
827 1143 922 1208 epera
946 1124 1075 1189 Parisiis
1107 1125 1260 1190 conlecta.

133 1229 271 1292 exaltare
281 1228 450 1312 eademque
460 1229 574 1314 gallica
582 1230 784 1314 inscriptione
794 1231 960 1296 edocemur
969 1229 1108 1295 cedieem
1117 1228 1259 1295 nestrum

134 1337 273 1416 emptum
295 1353 365 1400 esse
388 1354 415 1399 a
440 1335 523 1401 1729
552 1335 608 1412 ,de
631 1335 731 1400 labbe
758 1336 927 1401 Reusseler
952 1335 1061 1400 ancien
1087 1334 1264 1418 'lheologat

133 1439 172 1503 de
193 1439 315 1523 l'eghse
338 1440 409 1504 cell.
434 1443 467 1504 et
487 1442 594 1524 reyale
622 1440 660 1505 de
683 1441 824 1506 Perenne
847 1460 885 1506 en
907 1440 1078 1507 Picardie.‘
1114 1440 1260 1522 queniam

133 1544 297 1608 Beluaium
323 1563 351 1608 a.
380 1544 575 1609 1718-diem
602 1545 718 1610 obiisse
745 1564 928 1629 supremum
954 1545 1087 1621 constat,
1116 1544 1260 1608 abbatem

133 1649 224 1714 illum
234 1652 385 1731 qnantum
395 1649 513 1715 scimus
524 1649 662 1735 codicem
675 1652 817 1714 nestrum
826 1636 1071 1733 postBaluaium
1081 1647 1264 1731 possedisse

133 1772 262 1819 necesse
277 1757 335 1821 est
355 1754 412 1819 sed
429 1774 492 1836 qna
508 1755 628 1820 ratione
645 1755 678 1820 in
696 1774 806 1820 manus
825 1754 956 1831 Baluaii,
975 1773 1037 1836 qua
1052 1754 1085 1818 in
1102 1752 1264 1818 Reusselii

134 1858 277 1941 peruenit
305 1857 400 1923 ceder
426 1858 502 1923 ille?
533 1858 697 1923 redeamus
721 1859 761 1921 ad
782 1859 856 1928 libri
881 1859 981 1923 nestri
1006 1858 1203 1934 incunabula,
1228 1857 1262 1920 in

135 1966 325 2028 conuentum
352 1983 377 2030 s.
405 1963 550 2046 Dionysii
576 1963 751 2028 Remensis.
778 1963 838 2028 hac
864 1963 898 2028 in
920 1964 996 2028 urba
1019 1963 1123 2029 sedem
1146 1961 1264 2027 archie-

134 2067 326 2151 piscopalem
349 2067 486 2132 obtinuit
507 2066 610 2132 medie
634 2084 714 2134 saec.
734 2067 808 2131 XVI
827 2067 928 2133 carel.
947 2068 1078 2134 Mauric.
1096 2068 1126 2132 le
1148 2066 1265 2131 Tellier

136 2174 208 2253 (etr.
226 2171 352 2252 Delisle,
371 2173 397 2238 le
414 2173 531 2238 cabinet
548 2173 573 2252 I,
596 2175 687 2258 302),
708 2174 798 2239 cuius
817 2172 1026 2238 bibh0thecae
1043 2172 1266 2256 manuscriptis

134 2279 388 2361 opulentissimae
403 2280 595 2362 aliquamdiu
608 2280 744 2363 praefuit
752 2279 917 2363 Philippus
929 2277 1047 2343 Siluius
1057 2276 1130 2358 (cfr.
1139 2277 1260 2348 Jecber,
1346 2362 1348 2367 Ι

138 2382 417 2448 Gelehrtealere'lceo
438 2384 493 2462 IV,
522 2385 613 2468 968).
640 2385 669 2450 ia
691 2384 742 2448 nir
765 2383 997 2450 eruditissimus
1019 2380 1201 2457 Meldenati,
1224 2380 1264 2446 de

135 2507 196 2571 que
210 2488 461 2571 supradiximus,
476 2489 621 2572 operibus
637 2488 766 2554 edendis
785 2488 977 2572 singularem
990 2505 1122 2552 nauasse
1136 2504 1263 2569 operam

136 2595 251 2660 dicitur
281 2595 314 2658 et
344 2613 379 2657 ex
411 2594 551 2660 eiusdem
581 2594 722 2678 Philippi
754 2593 846 2658 Siluii
877 2593 1001 2659 nemine
1028 2611 1126 2656 unum
1154 2590 1263 2673 Optati

137 2699 277 2766 codicem
304 2702 466 2781 nuncupat
487 2700 655 2783 Dupinius,
683 2690 777 2780 quem
803 2700 926 2781 praeter
950 2697 1089 2780 reliquos
1117 2699 1268 2779 quattuor

103 2863 104 2866 ,
136 2806 168 2869 in
197 2803 332 2869 editione
361 2821 418 2868 sua
446 2803 622 2868 edomanda
648 2806 690 2886 (a.
719 2803 804 2868 1700
833 2806 865 2869 et
892 2801 991 2888 1702)
1023 2802 1175 2867 adhibuit.
1209 2800 1266 2884 qui

139 2909 234 2975 codex
269 2910 328 2974 sub
356 2908 497 2992 Philippi
525 2908 618 2974 Siluii
648 2907 773 2972 nemine
804 2908 985 2991 deperditus
1015 2908 1198 2983 renascitur,
1228 2907 1269 2969 ut

139 3016 217 3079 mihi
242 3015 378 3090 uidetur,
407 3014 505 3079 codex
532 3012 732 3078 Baluaianus.
760 3033 833 3078 nam
860 3034 921 3080 nen
950 3014 1054 3079 selum
1080 3031 1160 3094 quae
1185 3011 1269 3075 inter

139 3121 325 3185 Remensem
349 3122 381 3184 et
411 3119 618 3184 Baluzianum
649 3117 815 3182 intercedit
845 3118 1045 3183 necessitudo
1078 3116 1186 3188 eadem
1217 3118 1270 3185 111

141 3229 234 3308 atque
266 3225 367 3292 cedici
393 3224 533 3307 Philippi
561 3223 653 3288 Siluii
683 3242 701 3287 a
731 3222 870 3306 Dupinio
903 3222 1055 3287 attributa
1086 3220 1142 3287 sed
1173 3220 1267 3285 etiam

140 3335 221 3410 'quae
247 3331 279 3394 in
310 3331 371 3395 alio
403 3328 511 3393 codice
533 3327 684 3404 Parisino,
716 3327 755 3392 de
787 3346 847 3410 quo
879 3329 991 3411 pestea
1027 3326 1269 3407 disputabimus,

144 3434 213 3498 dieo
228 3434 524 3519 Sangermanensem
537 3453 582 3497 nr.
599 3435 715 3511 11623,
739 3452 776 3498 er
794 3432 933 3498 Siluiane
953 3432 1095 3514 excerpta
1111 3431 1271 3514 legantur,

144 3539 209 3603 1111
235 3539 351 3621 ubique
373 3557 445 3606 cum
467 3539 630 3604 Balaniani
656 3538 847 3604 lectionibus
867 3535 1071 3604 concordant.
1098 3535 1269 3601 uerisimile

144 3644 241 3728 igitur
259 3647 308 3708 est
321 3644 455 3709 Siluium
472 3645 681 3711 bibliothecae
696 3643 887 3709 Tellerianae
902 3641 1066 3708 Remensis
1080 3640 1271 3724 aliquamdiu

148 3749 319 3831 antistitem
351 3769 385 3814 ex
416 3750 496 3815 libro
529 3749 671 3815 abbatiae
704 3769 730 3816 1.
758 3747 944 3814 Theoderici
969 3747 1131 3814 Remensis
1163 3744 1279 3829 Optali·

147 3874 241 3938 opera
266 3854 320 3918 uel
344 3855 448 3939 ipsum
477 3855 678 3940 exscripsisse
709 3857 763 3920 uel
792 3854 990 3920 exscribenda
1031 3873 1166 3930 curasse,
1208 3868 1271 3931 que

147 3958 312 4042 exemplari
343 3978 420 4024 11111
452 3963 502 4025 111
533 3960 701 4043 Dupinius.
731 3979 804 4025 mex
833 3959 935 4024 hence
965 3959 1081 4023 libmm
1111 3959 1143 4022 in
1180 3971 1272 4019 suam

147 4063 370 4129 bibliothecam
400 4065 525 4151 rettulit
546 4064 710 4138 Baluzius,
737 4063 978 4150 quiindefesso
1011 4062 1114 4129 studio
1147 4057 1272 4123 codices

148 4168 294 4251 antiques
316 4170 416 4255 totam
437 4188 493 4251 per
514 4169 611 4233 uitam
635 4171 771 4234 uenatus
792 4169 826 4232 in
848 4167 1034 4250 apographis
1056 4167 1125 4228 tum
1144 4163 1273 4224 demum
