3000 4656
262 345 325 408 166
587 341 613 394 S.
640 338 777 410 Optati
800 326 1027 393 Mileuit'uni

256 551 327 599 arca
345 533 479 604 feliciter
495 533 527 598 in
546 529 665 618 dianio
683 529 853 614 nauigaret.
875 529 1005 613 longum
1023 531 1073 593 est
1089 530 1133 594 ire
1152 550 1208 614 per
1224 532 1379 619 singulos,

254 639 313 722 qui
337 640 405 706 sine
426 642 498 724 lege
519 636 640 704 inuenti
662 639 737 701 sunt
757 635 842 703 iusti.
869 635 946 700 baec
969 634 997 701 si
1019 653 1038 698 a
1059 635 1175 702 uestris
1197 641 1381 720 parentibus

253 764 310 812 suo
331 748 472 830 tempore
490 745 677 819 dicerentur,
690 740 761 823 qnis
775 760 828 807 eos
846 761 865 806 a
882 740 1098 807 commuuione
1118 761 1177 807 sua
1192 745 1382 828 repelleret?

260 851 358 935 quid?
378 853 405 917 si
420 850 557 916 dicerent
573 865 635 912 non
654 846 765 912 debere
788 846 911 914 silentio
925 845 1094 930 praeteriri,
1113 846 1199 930 quod
1215 854 1379 933 apostolus
1444 935 1447 940 ,

254 955 292 1020 de
326 955 563 1040 extralegalibus
595 953 653 1017 ait:
685 955 826 1036 gentes,
850 971 940 1037 quae
971 952 1092 1037 legem
1120 955 1307 1035 nesciunt,
1336 978 1378 1025 ea
1406 985 1433 1022 a.

256 1082 347 1146 quae
370 1062 474 1147 legis
493 1062 589 1138 sunt,
608 1059 768 1136 faciunt,
790 1045 928 1122 habent
945 1058 1040 1150 enim
1057 1059 1178 1143 legem
1197 1061 1376 1145 scriptam

253 1168 293 1231 in
317 1167 495 1232 cordibus
518 1165 607 1231 suis.
631 1184 702 1229 nam
725 1163 871 1229 etmulti
892 1163 1114 1246 probantnrin
1139 1152 1208 1249 leg²a
1223 1184 1373 1252 peccasse

255 1275 286 1337 et
308 1271 401 1336 multi
423 1272 503 1335 bene
525 1271 591 1336 sine
613 1272 684 1355 lege
705 1269 831 1336 uixisse.
867 1271 916 1335 lex
942 1272 974 1335 et
999 1269 1093 1335 bomo
1114 1268 1191 1334 dnae
1211 1283 1261 1334 res
1283 1275 1366 1350 sunt,

253 1376 308 1441 sed
326 1395 416 1459 pares
436 1395 505 1440 esse
523 1396 584 1442 non
602 1378 748 1460 possunt:
772 1394 834 1440 non
853 1374 934 1455 enim
951 1375 1044 1440 homo
1062 1375 1160 1441 fuctus
1178 1377 1226 1439 est
1241 1378 1366 1460 propter

253 1483 367 1566 legem,
402 1482 458 1546 sed
488 1483 537 1547 lex
568 1482 640 1547 data
670 1484 720 1547 est
749 1485 876 1566 propter
905 1481 1057 1547 homines.
1096 1499 1246 1564 nusquam
1274 1480 1366 1548 uideo
1386 1506 1411 1544 ιι

255 1586 402 1654 damnum
425 1587 558 1653 inlatum
582 1588 649 1667 deo,
673 1588 749 1653 dum
771 1589 803 1652 et
825 1587 911 1672 origo
938 1588 1017 1672 legis
1045 1586 1128 1672 apud
1154 1605 1225 1653 eum
1253 1590 1368 1654 manet,

254 1697 287 1759 et
307 1697 474 1778 postquam
497 1695 651 1778 scriptura
672 1693 787 1759 nestris
810 1693 989 1778 parentibus
1012 1692 1127 1758 tradita
1153 1712 1221 1760 esse
1248 1681 1370 1773 dicitur,

254 1800 331 1865 nibil
355 1798 451 1878 deest,
476 1800 579 1865 omnia
599 1801 739 1865 membra
759 1800 840 1885 legis
864 1819 940 1865 sana
962 1802 1045 1878 sunt,
1072 1800 1161 1865 salua
1187 1802 1269 1879 sunt,
1295 1800 1372 1867 reci·

251 1908 371 1971 tantur:
399 1896 479 1971 nihil
500 1906 606 1972 minus
629 1909 679 1971 est
701 1906 738 1971 de
760 1907 832 1990 lege
864 1910 896 1972 et
922 1907 1030 1971 docere
1058 1908 1091 1971 et
1115 1905 1220 1973 doceri
1247 1906 1372 1991 cupieri-

247 2012 343 2077 tibus.
370 2031 407 2077 an
429 2011 515 2077 illud
533 2023 598 2078 erat
620 2013 721 2097 magis
743 2013 963 2089 necessarium,
990 2014 1027 2076 ιιι
1052 2012 1246 2078 occideretur
1265 2012 1372 2092 homo,
1393 2035 1419 2074 ra

248 2137 286 2183 ne
302 2118 455 2200 scriptura
469 2118 574 2200 aliqua
595 2118 788 2203 traderetur?
812 2118 906 2202 quid?
929 2117 1014 2201 quod
1035 2135 1092 2183 nec
1114 2116 1256 2184 homines
1275 2101 1373 2185 occisi

247 2227 321 2290 sunt
344 2218 376 2289 e't
398 2242 504 2290 omnes
536 2224 718 2307 scripturae.
738 2244 800 2290 non
830 2209 955 2290 'desunt
987 2225 1126 2289 nonest
1146 2242 1246 2290 unum
1266 2212 1373 2290 leret

249 2331 336 2396 deus.
360 2330 388 2394 si
409 2349 463 2412 pro
483 2330 540 2396 deo
561 2330 757 2396 moriendum
774 2329 885 2408 inerat,
904 2330 958 2413 qui
976 2332 1009 2395 et
1025 2330 1211 2396 resuscitare
1228 2333 1372 2398 mortuos

248 2438 280 2500 et
301 2435 429 2500 reddere
451 2436 625 2520 praemium
647 2438 762 2519 potest,
785 2435 865 2500 liber
886 2453 947 2499 non
969 2433 1102 2512 traditus
1121 2434 1158 2499 de
1177 2434 1300 2502 duobus
1318 2436 1370 2504 bis

246 2558 304 2605 nec
327 2542 460 2606 alterum
483 2543 595 2625 potest.
632 2540 752 2624 inpedit
773 2525 871 2626 igitur
892 2539 1063 2624 necessitas
1084 2539 1167 2606 uires
1190 2559 1274 2607 suas.
1306 2547 1413 2610 nonae

249 2647 354 2713 minus
381 2647 526 2712 uidemus
548 2646 975 2731 neglegentiamfreqnenter
996 2647 1123 2732 operari,
1145 2665 1239 2730 quam
1255 2668 1368 2716 neces·

249 2752 326 2821 sitas
351 2757 478 2836 operata
501 2755 558 2820 est.
594 2772 665 2817 nam
689 2753 716 2818 si
738 2752 933 2817 membranae
957 2756 1012 2817 aut
1031 2752 1112 2838 libri,
1136 2754 1248 2837 quibus
1272 2756 1368 2840 scrip-

243 2864 314 2925 tura
351 2860 494 2944 legitima
530 2860 718 2937 continetur,
750 2859 780 2923 in
812 2861 915 2925 totum
947 2859 1061 2930 debent
1090 2859 1207 2925 inlaesa
1237 2862 1367 2942 seruari,

245 2967 335 3049 qnasi
356 2985 418 3031 non
438 2966 621 3032 damnantur
638 2964 736 3048 aliqui
756 2965 1050 3049 neglegentes,non
1069 2968 1119 3031 est
1134 2967 1226 3050 louge
1243 2966 1367 3034 tradere

245 3074 366 3137 amala
388 3091 502 3155 ponere
526 3076 580 3135 ant
601 3071 682 3135 male
709 3071 796 3135 ferre.
825 3070 902 3137 alter
927 3071 959 3135 in
986 3070 1078 3138 domo
1105 3072 1219 3137 librum
1245 3073 1364 3154 posuit,
1384 3094 1408 3135 a

243 3195 323 3258 qnae
339 3179 450 3244 domus
465 3177 608 3243 incendio
625 3180 818 3242 concremata
831 3180 892 3241 est:
912 3176 1082 3254 damnetur,
1098 3177 1151 3260 qui
1163 3178 1366 3262 neglegenter

245 3284 363 3365 posuit,
392 3285 420 3351 si
447 3285 637 3351 damnandus
666 3287 723 3361 est,
756 3285 808 3366 qui
839 3284 1059 3366 postulandum
1089 3283 1204 3348 librum
1235 3283 1363 3351 territus

245 3387 340 3455 dedit.
381 3392 565 3457 damnentur
595 3390 689 3456 etiam
718 3391 776 3467 illi,
810 3388 862 3473 qni
892 3391 1050 3476 neglectas
1080 3388 1275 3454 membranas
1308 3394 1364 3455 ant

249 3493 346 3558 libros
376 3496 421 3559 ita
450 3500 630 3582 posuerunt,
661 3501 699 3561 ut
729 3516 783 3562 eos
815 3496 1003 3562 domesticae
1032 3495 1193 3571 bestiolae,
1225 3496 1285 3560 hoc
1313 3499 1364 3562 est

245 3595 350 3663 mures
372 3600 417 3664 ita
438 3605 631 3683 corroserint,
654 3605 691 3667 ut
711 3603 776 3688 legi
797 3622 858 3669 non
883 3603 1015 3685 possint.
1052 3602 1214 3674 damnetur
1241 3604 1273 3667 et
1293 3602 1358 3678 ille,
1380 3625 1406 3665 ao

247 3705 301 3788 qni
315 3705 360 3769 ita
373 3705 404 3770 in
424 3707 513 3775 domo
531 3702 647 3795 posuit,
665 3711 703 3773 ut
719 3710 879 3774 nimietate
895 3710 1072 3793 pluniarum
1091 3708 1137 3773 sic
1153 3711 1237 3772 tecta
1255 3708 1361 3792 aliqua

247 3810 408 3878 stillicidia
439 3813 640 3896 deliquarent,
671 3817 707 3879 nt
734 3816 836 3880 omnia
857 3815 985 3881 humore
1013 3815 1190 3880 oblitterata
1210 3815 1275 3899 legi
1297 3835 1358 3882 non
1385 3851 1388 3856 ·

327 3981 530 4075 roccone
581 4023 599 4076 ι
617 3984 735 4084 Βοωζι,
756 4020 790 4074 14

275 4145 358 4214 4qui
375 4144 434 4204 sib
497 4139 532 4198 14
548 4144 640 4200 docere
660 4145 752 4215 cupb
805 4144 848 4199 20
864 4146 996 4217 impendit
1015 4144 1133 4198 Gusaab.
1187 4143 1221 4196 23
1240 4142 1355 4206 debetb

184 4250 187 4255 ·
240 4232 276 4286 24
293 4231 380 4304 quasia
397 4250 478 4304 quare
500 4233 617 4289 Oaaaab.
671 4234 705 4288 30
723 4234 895 4289 damnatnrb
981 4271 984 4279 ·
1137 4262 1138 4266 =
