3044 4656
203 315 245 379 VI
649 314 861 368 Praelatio.

203 526 252 569 sea
273 507 372 570 adner.
410 527 422 570 s
443 504 642 571 Donatianae
653 507 758 588 partis
780 506 974 570 eatnneniann.
998 509 1114 574 Mileue
1139 507 1207 594 (cfr.
1235 506 1316 572 CIL.

199 611 284 691 VIII,
310 615 339 691 1,
356 633 392 693 p.
417 611 493 698 365)
514 632 569 677 666
588 613 686 677 Μ1166
711 613 781 696 (cfr.
803 613 878 681 aaa.
895 635 932 695 p.
950 615 1014 679 007
1037 636 1086 679 nr.
1110 615 1209 701 6710)
1232 615 1317 699 6661-

199 717 273 783 dum
306 721 371 783 erat
401 718 433 782 in
464 719 626 803 prouincia
655 718 814 798 Numidia,
847 720 885 784 de
918 740 978 803 quo
1010 722 1133 786 nomine
1170 721 1319 786 adiectiui

197 822 313 887 formae
346 822 551 887 Mttenttanns
582 825 614 887 et
645 822 862 888 Mittene'tanns
897 825 1151 908 inscriptionibus
1179 845 1317 909 compro-

197 928 310 992 bantur
341 927 409 1013 (efr.
446 926 527 994 CIL.
552 929 637 1006 vul,
669 930 698 1008 1,
723 950 760 1010 6.
795 932 857 994 639
887 930 910 994 6
937 933 1000 996 606
1027 953 1076 996 nr.
1101 933 1195 1009 2615,
1220 933 1316 1009 6700,

200 1035 296 1112 7097;
324 1055 404 1099 nanc.
432 1037 523 1117 episc.
551 1035 596 1098 ed.
626 1034 802 1118 Petschenig
822 1057 858 1117 6.
889 1038 1064 1116 123,114;
1091 1036 1186 1104 Aret.
1210 1037 1240 1120 f.
1264 1037 1316 1101 tat.

198 1139 356 1224 06611666.
376 1143 401 1220 l,
422 1140 510 1227 189).
533 1160 690 1225 paganum
711 1142 803 1206 illum
825 1142 924 1207 fuisse
948 1162 982 1206 er
1005 1162 1031 1207 6.
1054 1141 1232 1227 Augustino
1255 1143 1318 1208 col-

196 1246 306 1330 ligitur
333 1243 376 1333 (d.
404 1247 500 1310 doctr.
528 1246 629 1311 666166.
657 1247 698 1325 ΙΙ,
727 1249 779 1324 40,
803 1246 868 1334 61),
893 1268 954 1331 quo
977 1249 1046 1314 loco
1070 1267 1141 1313 cum
1165 1247 1316 1331 cypriam

197 1352 358 1418 Lactantio
373 1351 533 1418 Uictorino
547 1353 666 1419 Hilario
681 1373 757 1417 aneo
771 1357 800 1417 et
814 1359 939 1436 arpenta
956 1358 985 1417 et
1001 1359 1081 1418 neste
1098 1354 1318 1434 suffarcinatae

197 1460 292 1522 ectsse
323 1459 359 1522 de
380 1458 518 1541 Aegypta
549 1458 754 1540 praedicatur.
787 1459 854 1540 1666
883 1478 952 1523 6666
977 1460 1158 1542 episcopum
1181 1460 1340 1543 66661166

197 1564 339 1650 (6170,
365 1562 429 1650 15),
452 1564 547 1629 frater
569 1568 601 1629 66
624 1564 827 1647 coepiscopus
847 1565 885 1629 ab
904 1565 1081 1651 Augustino
1104 1568 1235 1631 uocatur
1258 1565 1316 1650 (ep.

200 1673 272 1749 105,
305 1668 349 1756 6),
373 1670 463 1736 66166
495 1670 657 1755 dignitatis
690 1669 792 1734 officia
822 1674 910 1737 tanto
943 1671 1047 1738 studio
1078 1674 1226 1754 tantaque
1256 1670 1316 1735 fide

197 1776 363 1860 praestitit,
386 1779 423 1840 66
453 1776 538 1840 idem
560 1776 756 1860 Augustinus
787 1775 903 1842 iterum
924 1777 1100 1862 iterumque
1125 1776 1231 1862 Optati
1252 1777 1317 1841 lau·

199 1882 286 1948 dator
308 1882 461 1948 exstiterit
482 1883 523 1963 (e.
546 1903 592 1966 ep.
616 1880 762 1947 Pernen.
786 1885 811 1962 I,
836 1886 866 1964 3,
891 1886 924 1949 5:
948 1884 1131 1948 6666661116
1156 1884 1317 1953 memmiae

199 1987 402 2053 Milenc'tanns
419 1989 575 2069 epnseopns
596 1988 757 2054 eattwto'eae
778 1991 998 2054 communionis
1016 1988 1162 2070 Optatns;
1180 1991 1217 2055 de
1237 1988 1317 2051 anit.

198 2094 264 2162 ecel.
298 2096 349 2172 19,
377 2097 433 2160 50:
467 2093 650 2177 (6661661666)
681 2096 904 2159 commendauit
931 2094 1135 2157 Mtteno'tanns
1161 2091 1316 2174 Optatus),
1347 2119 1348 2122 ¹

197 2200 383 2285 Fulgentius
405 2201 577 2284 Ruspensis
605 2201 769 2280 episcopus
798 2218 870 2264 cum
892 2197 1069 2281 Augustino
1094 2197 1126 2258 et
1151 2193 1316 2259 Ambrosio

197 2325 270 2371 oum
293 2306 519 2392 comparauerit
541 2301 596 2389 (aa
615 2301 747 2366 Mennim.
765 2302 807 2378 ΙΙ,
829 2301 893 2387 13),
910 2301 1042 2382 denique
1061 2299 1194 2364 ecclesia
1211 2299 1316 2364 catho-
1352 2390 1355 2396 .

196 2412 258 2477 lica
280 2413 419 2477 eiusdem
441 2403 472 2471 16
492 2412 668 2473 sanatorum
691 2409 855 2468 numerum
877 2405 995 2469 redacti
1017 2403 1197 2467 memoriam
1219 2404 1317 2487 pridie

196 2516 276 2581 Non.
307 2515 375 2587 166.
406 2512 603 2577 constituerit
636 2509 705 2592 (cfr.
732 2508 891 2590 nnartyrol.
918 2507 1007 2574 Rern.
1038 2529 1074 2589 p.
1108 2509 1186 2574 129:
1218 2512 1318 2574 saneti

201 2619 306 2702 Optato’
326 2618 459 2699 episcopt
481 2617 621 2680 doctrina
642 2619 671 2679 et
691 2615 853 2678 sanctitate
875 2612 1053 2701 66666661.)

241 2724 309 2805 Quo
331 2724 385 2790 ille
407 2725 546 2806 tempore
572 2721 684 2786 mnerit
704 2718 912 2802 fiorueritque,
936 2739 972 2783 or
994 2719 1176 2804 Hieronymi
1199 2725 1230 2794 66
1252 2724 1316 2789 Ho-

197 2831 276 2896 norii
296 2828 592 2913 Augustodunensis
614 2825 802 2892 testimoniis
825 2844 918 2909 supra
944 2826 1079 2890 laudatis
1102 2830 1206 2909 patet;
1229 2847 1315 2913 prae·

197 2942 281 3003 terea
315 2935 382 3017 ipse
419 2933 553 3016 Optatus
592 2952 682 2998 ansas
719 2931 870 3015 quasdam
905 2930 1004 3009 dedit,
1042 2931 1155 3013 quibus
1192 2933 1314 3014 quando

198 3040 357 3124 scripserit
381 3040 478 3106 libros
506 3059 590 3118 suos,
619 3038 726 3122 colligi
751 3036 860 3120 possit.
889 3037 1137 3118 persecutionem
1160 3039 1218 3103 sub
1242 3037 1314 3103 Dio·

198 3147 330 3213 61661666
362 3146 554 3212 6666166666
585 3145 689 3210 uerbis
725 3143 839 3220 ,ferme
870 3145 941 3208 ante
973 3161 1069 3209 annos
1091 3144 1145 3207 LX
1169 3146 1200 3208 ct
1231 3144 1315 3227 quod

197 3252 348 3318 excurrit.
361 3252 623 3335 ..persecutionis
638 3253 686 3315 cst
700 3249 847 3332 diuagata
863 3251 1053 3332 tempestas“
1075 3248 1122 3334 (6.
1141 3251 1315 3334 161366.)

196 3356 324 3435 indicat,
348 3377 427 3440 quae
458 3357 580 3422 6666616
612 3356 644 3420 16
668 3355 878 3421 6661066666.
903 3356 966 3419 303
990 3353 1201 3420 artaduobus
1226 3357 1314 3421 66616

197 3465 269 3545 6666
300 3464 451 3528 exstincta
481 3466 538 3527 est.
560 3461 658 3547 igitur
685 3459 792 3544 Optati
817 3463 969 3525 66666666
997 3462 1068 3524 ante
1096 3478 1123 3525 6.
1148 3461 1211 3525 356
1244 3480 1315 3527 666-

197 3568 332 3650 scriptus
365 3587 434 3634 6666
464 3587 525 3634 666
556 3570 670 3650 666666.
703 3565 831 3643 accedit,
859 3565 941 3647 quod
971 3568 1094 3649 praeter
1119 3565 1313 3632 Macrobium

197 3673 432 3739 Donatistarum
445 3673 625 3758 episcopum
639 3673 799 3755 aequalem
814 3691 906 3736 suum
920 3669 964 3757 (6.
980 3672 1032 3749 37,
1049 3671 1103 3747 18;
1119 3671 1171 3750 38,
1190 3670 1221 3757 7)
1234 3673 1314 3736 Pho·
1384 3695 1385 3698 ¹

198 3779 256 3843 tini
273 3778 642 3864 ,6666666616666666616α
659 3777 809 3842 haeretici
822 3777 1011 3842 mentionem
1025 3775 1161 3862 fecittp.
1177 3777 1249 3854 109,
1268 3774 1312 3861 6),

200 3905 292 3968 quem
314 3905 342 3950 6.
366 3886 429 3950 376
457 3885 540 3950 diem
571 3884 686 3949 obiisse
712 3902 898 3966 supremum
929 3901 964 3947 ox
993 3881 1176 3966 Hieronymi
1207 3881 1310 3946 chron.

200 3995 331 4058 constat.
355 4010 434 4074 quae
457 3991 484 4056 si
507 4009 579 4055 oum
596 3989 777 4072 Hieronymi
799 3988 904 4053 uerbis
923 3987 1148 4071 comparaueris
1169 3985 1313 4066 ,scripsit

200 4081 416 4166 Ualentiniano
440 4099 472 4160 et
494 4096 624 4162 Ualente
655 4094 878 4178 principibus“,
901 4111 919 4157 a
941 4092 1074 4157 ueritate
1105 4105 1165 4157 non
1197 4090 1311 4162 errabis

125 4214 126 4217 ’
202 4206 307 4270 dicens
326 4202 476 4286 Optatum
497 4201 592 4267 libros
616 4220 690 4267 suos
714 4199 875 4283 scripsisse
895 4202 925 4264 et
944 4197 1077 4264 edidisse
1100 4198 1180 4263 circa
1197 4214 1311 4262 annum
1351 4195 1352 4200 ’
