3044 4656
198 340 242 405 20
326 301 329 308 ’
538 332 562 386 s.
592 330 727 400 operer
754 329 979 383 urreureanr

199 522 346 589 Numidis
383 522 442 588 soli
477 519 575 584 uicini
611 518 748 603 episcopi
778 521 970 603 peterentur,
1002 522 1056 602 qni
1087 523 1310 590 ordinationem

200 628 283 712 apud
315 627 532 711 Carthaginem
564 625 763 709 celebrarent.
799 628 874 690 tunc
906 625 1053 710 suffragio
1080 629 1179 693 totins
1205 629 1313 713 populi

201 732 396 799 Caecilianus
419 732 546 816 eligitur
568 733 600 795 et
620 749 747 795 manum
774 731 939 813 inponente
960 731 1066 796 Felice
1087 731 1313 799 Autumnitano

200 838 367 922 episcopus
395 837 563 902 ordinetur.
595 837 711 901 Botrus
739 841 771 902 et
794 836 948 902 Celestius
975 836 1013 900 de
1040 855 1095 919 spe
1122 855 1179 900 sua
1201 837 1313 901 deiecti

200 945 284 1009 sunt.
307 943 414 1008 breuis
436 943 504 1007 anri
527 946 559 1018 et
581 942 700 1027 argenti
723 943 843 1007 sedenti
867 942 1052 1018 Caeciliano,
1076 941 1170 1004 sicuti
1192 941 1313 1025 delega-
1342 961 1354 998 ⁵

200 1053 271 1114 tum
288 1049 479 1114 aMensnrio
496 1050 614 1127 fuerat,
623 1048 755 1113 traditur
773 1048 920 1113 adhibitis
938 1047 1083 1129 testibus.
1103 1050 1314 1110 oonuooantnr

200 1174 294 1239 supra
316 1155 480 1220 memorati
499 1155 646 1233 seniores,
670 1154 723 1237 qni
740 1154 882 1219 saucibus
901 1153 1049 1217 auantiae
1067 1151 1312 1216 commendatam

200 1261 360 1325 ebiberant
393 1260 550 1342 praedam.
592 1278 663 1324 eum
700 1260 826 1325 reddere
863 1261 1060 1344 cogerentur,
1102 1257 1313 1322 subduxerunt

199 1364 412 1430 communioni
432 1365 554 1448 pedem,
573 1384 634 1430 non
655 1365 760 1430 minus
784 1367 815 1429 et
837 1365 1015 1442 ambitores,
1044 1364 1157 1445 quibus
1180 1365 1213 1426 et
1234 1361 1312 1426 ordi-

200 1471 266 1534 nari
298 1490 359 1535 non
393 1470 535 1554 contigit,
563 1489 681 1535 necnon
709 1473 741 1534 et
766 1470 895 1548 Lucilla,
924 1488 1001 1552 quae
1028 1469 1210 1533 iamdudum
1235 1467 1313 1531 ferre
1331 1487 1355 1525 ro

200 1595 261 1640 nou
280 1576 390 1659 potnit
411 1575 616 1660 disciplinam,
645 1596 716 1642 cum
743 1577 887 1642 omnibus
910 1577 976 1641 suis
997 1577 1107 1658 potens
1131 1577 1162 1638 et
1183 1574 1315 1638 factiosa

200 1681 314 1746 femina
338 1682 548 1747 communioni
569 1684 694 1748 misceri
716 1683 827 1750 noluit.
860 1683 905 1748 sio
931 1681 1031 1768 tribus
1059 1679 1314 1746 conuenientibus

201 1788 303 1853 causis
327 1791 359 1852 et
380 1789 521 1872 personis
543 1790 660 1856 facturn
684 1793 743 1868 est,
766 1793 803 1854 nt
818 1789 997 1874 malignitas
1014 1787 1144 1852 haberet
1160 1786 1313 1851 effectum.

243 1894 294 1960 19.
319 1892 441 1976 Scisma
462 1896 559 1982 igitur
583 1898 639 1964 illo
665 1900 803 1981 tempore
831 1897 977 1961 confusae
999 1894 1138 1958 mulieris
1158 1889 1317 1956 iracundia

200 2000 331 2083 peperit,
364 2001 502 2067 ambitus
534 2003 679 2080 nutriuit,¹
705 2002 835 2067 amantia
860 2001 1027 2067 roborauit.
1062 1999 1102 2061 ‘ab
1134 1998 1182 2060 his
1214 1998 1314 2059 tribus
1331 2020 1355 2062 ιι

199 2106 341 2189 personis
364 2109 472 2171 contra
495 2107 705 2174 Caecilianum
728 2127 840 2172 causae
864 2107 1012 2171 confictae
1035 2104 1118 2175 sunt,
1141 2103 1178 2160 ut
1199 2099 1314 2161 uitiosa

201 2213 268 2276 eius
301 2194 452 2276 ordinatio
480 2212 643 2275 diceretur.
681 2212 719 2274 ad
747 2209 924 2274 Secundum
949 2204 1155 2286 Tigisitanum
1180 2201 1312 2263 missurn

201 2320 259 2394 est,
286 2319 323 2379 ut
351 2313 569 2395 Carthaginem
600 2314 760 2376 ueniretur
782 2359 789 2373 .
812 2309 1051 2390 proficiscuntur
1081 2324 1188 2369 omnes
1220 2323 1312 2386 supra

199 2417 363 2481 memorati
386 2415 561 2488 traditores,
586 2412 724 2491 suscepti
746 2410 882 2489 hospitio
911 2413 948 2472 ab
976 2410 1088 2485 auaris,
1116 2411 1154 2473 ab
1182 2410 1311 2474 ambito·

199 2519 296 2595 ribus,
319 2518 357 2581 ab
376 2516 474 2592 iratis,
493 2533 553 2577 non
573 2533 590 2575 a
609 2512 781 2588 catholicis,
801 2523 932 2593 quorum
950 2513 1100 2595 petitione
1119 2514 1311 2581 Caecilianus
1329 2547 1355 2585 eo

199 2625 300 2689 fuerat
331 2621 500 2686 ordinatus.
536 2617 654 2680 interea
684 2617 723 2681 ad
754 2616 924 2702 basilicam,
956 2619 1011 2683 ubi
1039 2638 1109 2684 oum
1137 2621 1310 2687 Caeciliano

199 2733 276 2797 tota⁴
293 2725 393 2792 ciuica
418 2721 592 2804 frequentia
617 2721 728 2801 luerat,
756 2723 862 2788 nullus
890 2725 927 2789 de
955 2726 1140 2809 supradietis
1168 2728 1310 2793 accessit.

199 2838 274 2900 tuno
286 2853 311 2913 ,a
326 2829 499 2897 Caeciliano
517 2829 698 2894 mandatnm
716 2833 782 2897 est:
803 2829 841 2894 ‘si
858 2834 916 2909 est,
936 2832 1019 2913 quod
1036 2832 1068 2896 in
1085 2852 1136 2896 me
1153 2835 1309 2917 probetur,

199 2944 288 3004 creat
309 2938 472 3003 accusator
493 2938 525 3000 et
545 2935 673 3019 probet'.
696 2936 751 3001 illo
770 2938 908 3020 tempore
922 2957 940 3000 a
953 2940 1002 3002 tot
1022 2937 1157 3003 inimicis
1179 2939 1257 3003 nihil
1277 2939 1309 3000 in

198 3043 289 3107 illum
309 3041 416 3126 potuit
434 3039 578 3124 confingi,
598 3039 653 3104 sed
671 3039 708 3103 de
728 3039 900 3105 ordinatore
919 3060 986 3118 suo,
1006 3042 1087 3123 quod
1107 3044 1145 3106 ab
1163 3043 1212 3107 his
1230 3043 1309 3107 falso
1327 3078 1351 3116 2⁵

233 3265 399 3336 anmidis]
416 3265 553 3320 mnndiso
674 3265 827 3320 deecilian'
846 3274 874 3333 (rr
891 3266 922 3319 do
939 3266 1004 3335 ras.)
1022 3266 1049 3318 B
1148 3283 1228 3321 manu
1245 3268 1308 3331 RB,

198 3343 277 3408 uranu
296 3355 321 3409 ei
337 3344 433 3424 imp..
449 3395 455 3407 .
472 3352 505 3418 G,
523 3369 617 3408 manus
627 3353 660 3406 oh
730 3353 824 3407 foelice
842 3355 1016 3423 aptungitano
1030 3354 1045 3407 b
1080 3355 1098 3406 4
1115 3352 1246 3412 Celeetius
1259 3355 1308 3425 cyr.

193 3458 224 3509 p.
240 3442 281 3509 19,
296 3443 326 3497 19
397 3442 496 3497 btunc
513 3440 648 3496 breuisG
717 3443 819 3495 sicuto
893 3442 1075 3496 demensurio
1092 3442 1119 3494 B
1188 3443 1309 3499 Sebibe·

197 3531 287 3583 runto
356 3528 489 3601 9pedem]
508 3526 642 3598 plebemb
729 3531 829 3598 etpost
841 3530 935 3599 quibus
953 3546 1002 3585 om.
1016 3529 1044 3584 P
1113 3530 1145 3584 15
1158 3532 1268 3587 ambitio
1283 3533 1309 3587 G

197 3615 294 3682 nutriit
309 3616 343 3680 P,
362 3615 516 3672 interluito
534 3616 636 3683 (Oocbl.
664 3631 729 3670 corr.
757 3615 789 3669 aba
805 3633 853 3686 nep.
872 3618 995 3682 nutriuit)
1102 3618 1266 3675 roborauerit
1282 3621 1310 3678 P

198 3703 231 3756 ab
249 3703 317 3756 iisb
370 3705 402 3760 17
421 3703 539 3774 missurn]
562 3704 734 3774 scripturalil
795 3704 829 3757 18
848 3707 888 3758 est
905 3710 935 3775 (e.
960 3705 976 3759 l.
995 3721 1028 3758 m·
1047 3704 1076 3771 2)
1095 3705 1128 3771 B,
1147 3723 1230 3763 om.o
1274 3707 1307 3762 ad

198 3816 376 3886 carth...c,
411 3787 665 3888 lataginem(aic)B
699 3819 732 3871 19
745 3817 1085 3900 anternabambitoribusB
1119 3820 1306 3889 20nou]nona

200 3931 260 3999 (oe
278 3931 339 3987 aaa.
358 3950 392 3987 m.
411 3933 488 3999 arc
575 3931 771 3986 aethalides
838 3931 872 4036 ar
893 3890 920 3986 ἰ
934 3931 963 4002 (a
979 3949 999 3990 a.
1012 3933 1029 3987 ι.
1043 3935 1152 4001 noe
1203 3933 1305 3986 aaron

199 4046 295 4112 ciuitas
312 4045 491 4116 infrequentia
507 4046 594 4102 RBob
693 4046 858 4116 supradictus
875 4048 903 4102 P
974 4048 1008 4101 23
1025 4048 1178 4106 mandatum
1195 4047 1245 4121 est]
1264 4050 1305 4099 est

199 4149 250 4189 om.
270 4135 298 4219 (i¹>
316 4151 366 4204 ηερ.
386 4135 472 4189 adeor.
490 4150 524 4187 m.
544 4137 572 4201 2)
590 4132 616 4189 θ
668 4135 702 4187 24
719 4133 786 4188 nihil
803 4135 830 4189 in
848 4135 895 4189 illo
906 4134 977 4191 aaa
991 4135 1088 4202 (adro.
1105 4135 1190 4204 coac
1207 4133 1239 4186 io
1254 4150 1302 4203 my.

200 4222 279 4295 eum),
297 4223 327 4276 iu
345 4239 405 4278 eum
424 4223 450 4278 G
509 4222 542 4276 25
561 4222 593 4276 ab
611 4223 644 4275 iis
662 4221 720 4276 edd.
735 4228 876 4290 praetere
