3044 4656
447 305 779 360 Libersecnndus.
799 323 819 360 c.
840 304 933 359 7-10.
1183 306 1224 369 45

115 516 208 581 supra
234 498 423 575 memoratis,
451 497 545 562 etiam
573 498 656 583 apud
682 518 738 564 nos
765 498 816 563 hic
842 498 874 562 in
900 496 1005 562 Africa
1031 496 1139 562 deesse
1165 516 1226 562 non

115 606 259 685 possunt.
281 601 453 685 intellegite
476 603 530 667 uel
552 622 620 669 sero
648 622 705 670 uos
733 622 802 669 esse
828 602 910 668 filios
936 603 1049 686 inpios,
1076 622 1134 668 uos
1158 621 1226 667 esse

116 707 231 774 fractos
253 727 354 773 ramos
379 708 416 772 ab
439 707 556 787 arbore,
585 728 643 774 nos
672 728 740 774 esse
768 709 907 774 abscisos
934 709 1079 792 palmites
1106 727 1124 772 a
1150 709 1226 786 uite,

116 832 173 878 uos
205 813 308 878 riuum
336 813 495 878 concisum
523 831 541 877 a
567 814 662 880 fonte.
697 834 758 880 non
791 814 873 878 enim
903 816 1009 897 potest
1040 814 1125 896 origo
1157 831 1227 878 esse

85 919 213 997 crium,
237 919 290 1001 qui
311 938 426 1002 paruus
450 922 499 984 cst
522 922 554 984 et
575 939 636 986 non
655 920 692 985 de
711 920 909 998 renascitur,
929 922 984 982 aut
1001 919 1090 984 arbor
1108 937 1126 983 a
1141 936 1227 982 ramo

116 1025 246 1103 concidi,
266 1044 338 1089 cum
361 1027 451 1092 arbor
472 1026 602 1090 fundata
624 1027 690 1092 suis
712 1027 868 1092 radicibus
891 1027 1027 1111 gaudeat
1055 1029 1086 1089 et
1111 1043 1226 1104 ramus,

116 1133 143 1196 si
172 1131 266 1196 fue'rit
297 1135 449 1209 exsectus,
482 1136 610 1198 arescat.
641 1133 743 1200 iamne
769 1134 869 1212 uides,
896 1134 991 1198 frater
1015 1131 1227 1209 Parmenione,

112 1238 213 1303 iamne
242 1238 350 1316 sentis,
370 1238 481 1303 iamne
507 1239 665 1324 intellegis
691 1243 723 1305 te
751 1239 946 1323 argumentis
971 1239 1036 1303 tuis
1063 1239 1227 1303 contrata

111 1343 284 1424 militasse,
321 1363 393 1409 cum
423 1346 587 1428 probatum
627 1349 677 1411 est
705 1365 762 1411 nos
795 1364 863 1410 esse
894 1345 926 1409 in
958 1343 1090 1410 ecclesia
1121 1344 1243 1408 sancta·

69 1464 94 1504 1⁰
113 1450 277 1527 catholica,
301 1449 383 1532 apud
406 1469 484 1532 quos
508 1453 539 1515 et
562 1452 740 1536 symbolum
758 1451 907 1516 trinitatis
926 1453 984 1527 est,
1005 1453 1036 1514 et
1052 1469 1108 1532 per
1125 1448 1228 1535 cathe-

114 1554 200 1617 dram
217 1553 313 1630 Petri,
333 1572 412 1634 quae
434 1557 540 1618 nostra
563 1559 620 1633 est,
642 1558 818 1638 peripsam
841 1558 873 1620 et
894 1559 1012 1621 ceteras
1035 1555 1124 1620 dotes
1146 1553 1228 1636 apud

112 1677 169 1724 uos
194 1661 285 1722 esse?
309 1658 404 1722 etiam
427 1657 644 1736 sacerdotium,
672 1659 755 1739 quod
781 1660 813 1722 in
840 1661 929 1733 nobis
956 1658 1116 1723 adnullare
1138 1658 1228 1721 uisus

115 1781 148 1826 as
179 1763 212 1825 in
244 1761 440 1826 excusatione
471 1762 581 1826 erroris
613 1766 645 1827 et
674 1762 783 1827 liuoris
814 1765 926 1842 nestri,
964 1764 1040 1827 dum
1069 1764 1142 1845 post
1171 1779 1229 1825 nos

114 1865 313 1949 rebaptizatis
331 1868 452 1948 etpost
473 1867 574 1932 socios
596 1871 718 1932 uestros
740 1868 773 1932 in
790 1872 917 1949 peccato
937 1868 1075 1931 detectos
1093 1867 1152 1932 hoc
1169 1884 1230 1930 non

73 1996 97 2037 re
116 1971 228 2036 facitis.
253 1971 357 2036 dixisti
389 1972 481 2050 enim,
509 1973 600 2055 quod,
629 1973 656 2037 si
684 1971 827 2039 sacerdos
854 1972 885 2036 in
911 1975 1040 2056 peccato
1067 1972 1118 2050 sit,
1145 1971 1230 2036 solae

115 2077 238 2161 possint
260 2077 349 2142 dotes
373 2079 500 2160 operari.
523 2078 727 2162 igiturquia
748 2077 922 2155 docuimus,
946 2080 979 2143 et
1000 2077 1075 2159 quid
1097 2077 1140 2142 sit
1159 2076 1231 2140 hae-

115 2182 192 2248 resis
216 2182 346 2265 etquid
369 2183 412 2247 sit
433 2183 548 2248 scisma
571 2183 698 2266 etquid
721 2184 764 2248 sit
786 2185 893 2248 sancta
919 2183 1060 2260 ecclesia,
1083 2184 1116 2246 et
1136 2181 1230 2246 huius

116 2291 241 2354 sanctae
270 2289 420 2354 ecclesiae
448 2292 496 2355 est
523 2289 695 2354 constituta
719 2308 852 2371 persona
877 2291 910 2352 et
934 2289 1014 2353 hanc
1037 2305 1104 2352 esse
1127 2286 1231 2351 catho-

115 2394 219 2474 licam,
242 2414 322 2478 quae
345 2395 440 2460 sitin
462 2397 530 2460 toto
554 2395 626 2460 orbe
648 2396 800 2458 tamarum
827 2393 949 2471 diffusa,
976 2393 1066 2457 cuius
1092 2392 1231 2459 membra

71 2523 97 2563 ao
119 2503 151 2564 ct
172 2512 229 2565 nos
250 2501 332 2565 inter
353 2501 430 2565 alios
454 2519 573 2578 sumus,
593 2500 683 2564 cuius
701 2499 790 2564 dotes
809 2499 891 2580 apud
907 2497 995 2562 illam
1013 2497 1128 2577 ubique
1146 2498 1229 2562 sunt.

117 2604 226 2669 deinde
248 2605 280 2669 in
301 2606 400 2687 prim0
422 2606 502 2672 libro
525 2605 725 2688 probauimus
748 2604 787 2669 ad
809 2622 866 2669 nos
888 2622 949 2668 non
966 2602 1119 2686 pertinere
1136 2600 1229 2666 tradi·

120 2706 215 2771 tionis
236 2708 386 2770 inuidiam
409 2713 441 2773 ct
461 2712 521 2776 hoo
544 2711 659 2775 crimen
681 2711 776 2772 etiam
799 2728 818 2771 a
838 2709 927 2774 nobis
950 2727 1018 2774 esse
1040 2706 1230 2772 damnatum.

163 2811 214 2874 10.
237 2808 304 2874 Iam
327 2810 407 2874 illud
432 2812 511 2874 mihi
532 2813 605 2877 uolo
627 2810 824 2892 respondeas,
848 2829 902 2876 cur
922 2812 960 2875 de
984 2811 1059 2876 solis
1082 2809 1231 2876 ecclesiae

119 2914 245 2980 dotibus
267 2915 355 2997 loqui
376 2915 507 2980 uoluisti
529 2918 561 2980 et
583 2916 620 2980 de
645 2915 760 2980 sanctis
783 2915 850 2980 cius
871 2917 1019 2982 membris
1047 2935 1082 2981 ac
1104 2911 1230 2980 uisceri·

153 3183 165 3236 1
195 3183 299 3252 deesse]
325 3200 382 3238 esse
407 3184 433 3238 G
543 3185 559 3237 2
586 3185 630 3238 nel
656 3200 713 3238 sero
737 3185 796 3254 uos]
823 3201 871 3238 uos
892 3185 1023 3240 seruosG
1110 3186 1230 3239 3ramos

117 3272 214 3325 tractos
230 3269 317 3326 RBol)
388 3271 495 3325 auitae
514 3275 593 3339 (corr.
612 3273 630 3326 ι’.
648 3288 697 3342 mp.
716 3288 749 3325 m.
769 3264 800 3340 2)
818 3273 846 3328 Β
898 3272 1040 3327 4afonte
1059 3273 1190 3327 concisum
1203 3273 1231 3325 Β

119 3374 176 3413 esse
199 3359 272 3430 origo
295 3359 353 3414 cdd.
408 3359 510 3428 liquia
526 3361 558 3414 ob
628 3360 722 3415 arbore
744 3377 815 3416 ramo
840 3362 976 3416 concidam
993 3361 1028 3427 Β,
1048 3361 1125 3415 arbor
1141 3377 1230 3416 ramus

119 3445 277 3502 concisusG
348 3447 434 3500 liam
445 3446 500 3501 ΒΒ
569 3448 824 3503 8iamnesentis0
894 3453 922 3504 te
937 3448 1231 3520 corengouen&

118 3536 135 3590 9
154 3551 213 3589 cnm
229 3534 379 3605 probatum]
397 3536 596 3605 comprobatum
615 3534 640 3590 θ
708 3553 757 3591 nos
775 3539 844 3606 esse]
861 3555 914 3592 non
933 3554 990 3592 esse
1007 3538 1039 3606 G,
1057 3554 1135 3591 nosse
1153 3537 1229 3606 Dap.

119 3623 152 3678 10
171 3622 301 3677 canona
318 3626 409 3678 santa
421 3623 449 3676 n
516 3639 570 3677 non
589 3623 669 3678 ecc
722 3625 754 3678 12
767 3623 795 3679 a
807 3625 883 3680 uota
902 3611 1039 3680 ammai
1052 3627 1086 3693 P,
1105 3625 1139 3680 aa
1156 3627 1230 3681 nna

117 3713 219 3768 renisus
232 3728 248 3765 c
262 3709 364 3777 (Oscos
379 3710 475 3814 ooaifc.
488 3711 625 3766 adnullare
634 3713 719 3781 nisus)
774 3704 1000 3769 winemandus
1014 3715 1041 3768 Β
1095 3715 1128 3768 14
1140 3715 1229 3786 bapti-

118 3824 232 3882 zatisG
317 3824 473 3879 lateranas
496 3826 517 3893 (i
537 3841 559 3878 a.
585 3825 603 3879 l.
620 3842 654 3880 m.
672 3828 702 3894 2)
720 3825 749 3882 Β
835 3829 868 3881 17
887 3828 951 3898 qnid
973 3832 1099 3884 sanctae
1187 3845 1228 3883 ec-

120 3914 200 3980 clesis
217 3914 309 3966 sancta
329 3911 355 3967 G
407 3913 440 3967 18
456 3914 524 3968 hauc
542 3915 660 3968 sanctam
672 3914 701 3968 Β
770 3916 803 3970 19
820 3916 850 3970 in
866 3919 924 3971 toto
943 3917 979 3971 sit
997 3917 1030 3971 cb
1100 3920 1228 3972 terrarum

87 3997 89 4000 ⁴
121 4000 182 4054 orbs
204 4000 371 4069 (cfr.p.47‚
390 4001 433 4069 16)
455 3999 509 4053 ΡΒ
606 4001 647 4055 dis
665 4001 762 4056 fusaB
851 4003 885 4058 20
901 4004 1052 4067 interralios
1071 4005 1096 4071 (r
1113 4005 1229 4059 altarum

122 4089 251 4155 sapsam)
277 4088 305 4140 Β
392 4087 424 4141 21
451 4088 584 4158 pertinere
611 4088 673 4156 (cic)
700 4090 728 4142 Β
814 4091 848 4146 23
878 4091 939 4145 nolo
966 4091 1032 4146 mihi
1058 4092 1086 4146 P
1172 4092 1228 4160 cur]

116 4174 218 4229 eumd
