3044 4656
195 303 360 369 XXXVIII
651 292 864 348 Praefatio.

195 496 263 580 ipso
287 493 393 560 codice
414 487 715 560 Remensi’alterum
742 485 834 548 illum
856 503 980 548 morosa
1003 485 1136 566 quadam
1159 483 1317 568 diligentia

197 617 332 681 curaque
358 595 549 675 descriptum
577 609 656 656 esse.
680 591 815 675 primum
837 589 994 672 plerisque
1016 589 1048 652 in
1069 590 1148 656 locis
1176 589 1270 656 codex
1290 588 1318 652 Β

197 703 309 789 partim
338 699 489 765 lectiones
521 697 661 781 praebet,
690 715 769 778 quae
796 694 828 758 in
854 695 883 759 R
910 694 1047 759 secunda
1074 695 1200 760 demum
1226 712 1318 832 Ἧι

199 855 353 919 correctae
370 850 445 913 sunt
460 847 564 934 uelut:
587 845 762 925 displiceret
781 843 821 917 R,
844 842 1021 923 displiceret
1042 840 1072 903 Β
1090 845 1142 921 41,
1163 845 1196 919 1;
1216 845 1321 906 uiuere

192 959 383 1084 4488144,
413 997 519 1060 uiuere
543 999 673 1075 portare
698 995 725 1058 B
753 995 805 1069 44,
835 994 890 1067 13;
923 991 977 1055 cfr.
1006 991 1058 1067 35,
1094 992 1147 1064 18;
1180 992 1233 1084 42,
1262 994 1319 1066 20;

200 1109 252 1180 88,
276 1106 311 1179 3;
331 1102 404 1178 119,
423 1102 474 1167 29.
495 1097 551 1176 21;
568 1101 641 1176 122,
662 1100 717 1176 14;
738 1099 810 1173 134,
831 1100 865 1170 5;
887 1098 960 1174 140,
980 1096 1036 1170 24;
1057 1096 1130 1170 151,
1150 1096 1320 1177 9—prae·

198 1211 285 1273 terea
310 1207 384 1270 sunt
408 1205 506 1269 uerba
531 1205 563 1268 in
589 1204 644 1268 RB
670 1203 812 1286 repetita,
840 1201 871 1264 in
899 1200 928 1264 R
955 1200 1115 1280 expuncta,
1140 1198 1263 1282 integra
1288 1201 1319 1265 in

199 1311 226 1374 B
249 1309 338 1372 uelut
364 1309 416 1386 33,
445 1310 465 1372 4
486 1345 530 1354 -
552 1309 665 1391 partim
687 1308 749 1371 iam
777 1304 938 1370 emendata
961 1324 997 1369 ex
1022 1303 1169 1368 Remensi
1203 1304 1321 1384 recepit

198 1411 343 1475 librarius
360 1411 521 1475 Bnluziani
546 1413 636 1476 uelut
658 1413 688 1492 3,
713 1412 747 1486 53
777 1412 807 1490 4,
831 1411 865 1482 81
899 1411 951 1488 39,
975 1411 1030 1485 20;
1065 1409 1175 1485 42,1;
1209 1408 1260 1486 77,
1284 1409 1319 1484 6;

202 1516 253 1591 81,
274 1517 308 1592 6;
336 1517 388 1594 99,
408 1518 438 1580 4.
462 1517 496 1594 9;
522 1517 595 1596 123,
607 1518 670 1593 ,15;
696 1518 769 1596 139,
790 1519 825 1591 4;
851 1516 923 1592 179,
943 1517 973 1594 5,
993 1533 1072 1598 quae
1091 1532 1321 1597 nonnumquam

201 1639 346 1703 peruerse
381 1622 541 1687 intellecta
576 1623 630 1688 uel
661 1622 785 1705 depicta
814 1621 960 1686 uidentur
986 1621 1077 1687 uelut
1111 1622 1163 1697 24,
1196 1621 1231 1696 5;
1268 1622 1321 1698 48,

203 1727 237 1803 5;
257 1727 309 1806 96,
329 1728 363 1804 1;
384 1729 457 1805 120,
477 1730 511 1805 5;
532 1729 605 1808 146,
626 1729 681 1805 18;
700 1730 773 1806 168,
792 1729 823 1793 4.
845 1746 935 1810 porro
951 1746 987 1793 ex
999 1726 1169 1791 abundanti
1181 1727 1322 1796 locorum

202 1831 300 1920 copia,
320 1832 374 1916 qui
386 1833 448 1899 nisi
464 1834 586 1901 duobus
604 1834 669 1898 11114
688 1833 861 1918 peculiares
874 1851 1029 1915 nusquam
1052 1832 1128 1896 alibi
1151 1836 1321 1922 seruantur,

201 1936 307 2021 inepta
327 1938 381 2005 uel
401 1958 548 2020 peruersa
570 1931 670 2006 notari
691 1940 786 2004 liceat
807 1941 910 2004 uelut:
933 1937 1082 2002 inertibus
1105 1939 1156 2015 11,
1177 1938 1232 2024 15;
1255 1956 1323 2000 cum

201 2041 256 2106 illa
280 2045 331 2122 13,
356 2045 389 2119 5;
413 2045 499 2126 apud
519 2046 633 2111 circum
655 2046 765 2109 cirtam
787 2044 913 2129 (circam
930 2041 970 2129 B)
995 2045 1047 2119 16,
1072 2044 1127 2119 10;
1150 2043 1247 2107 liltore
1269 2045 1322 2120 22,

203 2151 294 2220 4-
316 2149 371 2215 cfr.
395 2152 447 2231 26,
472 2152 527 2228 22;
551 2152 604 2229 32,
629 2152 663 2226 3;
688 2152 740 2227 46,
766 2151 822 2224 12;
846 2151 898 2226 53,
922 2151 951 2212 5.
977 2148 1011 2222 9;
1035 2147 1088 2225 63,
1112 2147 1168 2222 10;
1193 2147 1244 2224 72,
1264 2148 1321 2223 21;

117 2325 119 2329 ,
204 2254 336 2331 44,15;
362 2254 435 2331 141,
459 2255 493 2329 4;
519 2255 591 2329 114,
615 2255 650 2328 r;
676 2254 748 2329 149,
774 2253 828 2329 14;
854 2251 1083 2329 150,8;153,
1109 2253 1137 2317 1.
1167 2234 1222 2325 14;
1248 2252 1324 2328 144,

204 2359 256 2421 11.
275 2359 337 2422 hue
358 2358 515 2437 pertinent
536 2356 657 2420 numeri
679 2355 804 2435 quidam
819 2354 1042 2420 tantummodo
1060 2357 1092 2418 in
1109 2355 1163 2418 RB
1186 2355 1320 2439 corrupt'

203 2457 293 2520 uelut
320 2459 371 2530 60,
396 2448 505 2532 5468,
531 2457 587 2531 15;
611 2457 662 2531 71,
687 2457 742 2531 12;
768 2458 841 2532 104,
866 2457 921 2533 18;
948 2459 1018 2533 127,
1043 2457 1182 2523 231414
1204 2459 1323 2542 444414·

204 2558 278 2624 41411
300 2578 372 2623 4444
390 2559 539 2623 momenti
557 2560 641 2637 snnt,
665 2577 743 2641 quae
765 2559 904 2626 inlibris
923 2561 988 2626 illis
1007 2561 1181 2628 desiderata
1195 2564 1322 2630 alterius

204 2663 347 2729 codicum
374 2663 510 2728 familiae
544 2663 729 2729 auctoritate
757 2663 838 2751 (PG)
868 2668 1116 2749 comprobantur.
1143 2668 1175 2733 in
1202 2669 1251 2735 his
1277 2669 1323 2734 in·

203 2767 311 2852 primis
333 2771 454 2853 praeter
473 2770 601 2834 lacunas
623 2771 716 2855 paulo
741 2771 940 2854 spatiosiores
959 2771 1025 2860 (91,
1041 2774 1162 2850 9-25;
1179 2777 1251 2851 141,
1267 2775 1323 2857 10)

203 2875 338 2940 notanda
366 2873 513 2944 uidentur
543 2876 595 2952 49,
621 2878 676 2963 14;
699 2878 752 2956 52,
776 2878 809 2953 7;
834 2878 886 2957 57,
910 2881 949 2955 3;
973 2881 1025 2957 60,
1049 2881 1088 2957 6;
1112 2881 1165 2957 64,
1189 2881 1321 2956 12.16;

205 2981 256 3059 66,
281 2983 311 3049 7.
335 2983 368 3049 8:
393 2981 445 3058 70,
468 2979 502 3057 3;
527 2982 579 3060 71,
599 2984 651 3046 10.
675 2984 730 3058 21;
755 2984 806 3060 72,
831 2985 866 3060 5;
891 2985 1020 3070 73,10;
1042 2985 1092 3065 75,
1113 2986 1169 3062 21;
1194 2986 1321 3062 76,19;

204 3087 256 3162 85,
272 3084 305 3160 7;
325 3086 377 3164 90,
396 3087 451 3163 17;
473 3088 524 3165 93,
540 3089 571 3152 6.
587 3087 642 3162 10;
660 3087 712 3166 95,
727 3088 759 3151 4.
774 3090 829 3165 14;
850 3090 902 3168 96,
922 3091 978 3165 22;
999 3090 1052 3168 98,
1074 3093 1101 3155 1.
1118 3091 1153 3166 2;
1176 3092 1249 3166 106,
1264 3092 1321 3168 22;

205 3191 349 3267 118,10;
367 3192 512 3268 125,12;
530 3194 602 3270 128,
614 3193 644 3257 5.
656 3193 686 3258 9.
698 3194 907 3273 21;132,20;
923 3196 996 3271 135,
1012 3197 1045 3272 5;
1062 3197 1134 3271 141,
1152 3197 1185 3272 3;
1202 3197 1275 3271 143,
1287 3197 1321 3273 9;

206 3295 323 3373 146,5;
335 3297 408 3372 147,
419 3298 449 3364 3.
462 3298 517 3372 14;
529 3298 602 3374 148,
619 3298 652 3373 7;
669 3298 742 3376 149,
759 3301 814 3376 15;
831 3301 949 3377 150,1;
966 3302 1037 3376 151,
1050 3302 1320 3378 16;152,1;153,

204 3401 238 3473 9;
255 3400 327 3476 154,
353 3402 410 3478 24;
436 3403 508 3478 156,
527 3397 629 3479 8.13;
656 3403 727 3479 170,
748 3404 804 3480 11;
820 3405 892 3480 172,
914 3407 968 3480 14;
994 3407 1066 3480 179,
1085 3407 1115 3469 8.
1130 3424 1230 3488 neque
1247 3425 1321 3473 uero

203 3504 482 3587 transpositionum
515 3507 685 3591 specimina
707 3509 820 3574 desunt
846 3510 1006 3574 affinitatis
1034 3511 1208 3594 probandae
1234 3513 1321 3578 44441-

203 3607 316 3686 monia,
343 3627 402 3692 quo
426 3630 462 3675 ex
488 3630 616 3678 numero
640 3613 679 3677 ad
700 3613 772 3680 libri
793 3615 841 3679 1Π
862 3617 967 3680 locum
998 3634 1095 3679 unum
1117 3618 1222 3681 uocari
1244 3619 1321 3682 44414

204 3714 253 3777 444
275 3712 338 3797 (77,
365 3715 424 3798 18),
446 3716 502 3780 ubi
523 3735 626 3781 rerum
650 3719 839 3786 continuatio
863 3720 1019 3802 seriesque
1043 3721 1127 3785 4414
1149 3722 1226 3787 1144
1243 3724 1275 3786 14
1293 3723 1320 3786 Β

203 3817 292 3883 14464
314 3819 439 3883 turbata
462 3820 597 3885 offertur.
640 3823 678 3887 ad
705 3825 879 3908 augendam
911 3825 1042 3908 denique
1069 3831 1320 3912 argumentorum

205 3922 421 3997 auctoritatem
452 3924 512 3990 hoc
542 3927 612 3992 loco
644 3931 847 4012 repetendum
878 3933 935 4006 est,
972 3930 1121 4014 quicquid
1150 3931 1320 3997 lectionum

203 4029 265 4094 iam
288 4049 381 4114 supra
401 4031 591 4114 prolatarum
612 4033 700 4099 libris
723 4035 748 4099 P
770 4035 897 4102 1141Ρο
918 4037 1073 4120 peculiare
1094 4036 1320 4103 retractationis

205 4135 341 4220 uestigia
358 4135 567 4201 demonstrare
580 4138 670 4203 nobis
684 4140 907 4222 persuasimus.
930 4141 993 4205 iam
1006 4145 1112 4221 restat,
1129 4146 1165 4206 ut
1178 4161 1320 4207 moneam
