3044 4656
652 353 865 409 Praefatio.
1238 368 1322 432 XLV

197 543 375 608 firmissimo
411 544 600 610 recensionis
636 544 836 610 fundamento
869 552 952 613 reete
983 551 1125 630 habetur,
1157 556 1196 619 ad
1228 577 1321 639 quam

199 667 305 714 omnes
331 648 403 712 libri
429 651 539 732 postea
561 646 686 732 repetiti
708 651 892 717 referuntur.
916 655 1032 719 etenim
1054 661 1323 740 praestantissima

197 753 339 818 codicum
365 752 476 819 Rosa
503 754 657 836 praesidia
685 774 701 819 e
729 757 864 821 tenebris
896 759 1045 839 protraxit
1071 762 1236 844 Dupinius
1272 772 1322 832 sat

197 860 297 923 multa
327 859 366 923 ed
397 858 624 923 emendandum
656 863 776 925 textum
809 861 985 943 expiscatus
1018 865 1056 928 ad
1087 886 1224 950 unguem
1257 872 1321 937 fore

198 966 316 1039 omniax
331 965 556 1048 complanauit,
589 965 634 1028 ita
661 968 697 1030 ut
727 985 881 1048 nusquam
912 975 1028 1033 temere
1059 974 1116 1034 aut
1145 973 1320 1042 inconsulte

195 1070 381 1153 peccauerit,
396 1071 450 1135 ubi
464 1070 588 1136 errauit.
610 1089 670 1152 quo
686 1074 770 1135 esset
784 1073 855 1135 usui
871 1073 966 1138 editio
980 1074 1122 1152 habilior,
1138 1085 1322 1161 argumenta

196 1176 320 1240 concisa
343 1176 538 1259 singulorum
566 1177 706 1257 capitum
728 1177 862 1261 margini
885 1178 1061 1261 adscripsit,
1089 1182 1320 1250 adnotationem

196 1281 333 1345 criticam
353 1282 452 1381 tertui
471 1282 615 1358 subiecit,
635 1282 767 1347 aliorum
781 1287 870 1349 notes
888 1288 922 1349 et
939 1304 1013 1354 suas
1030 1289 1185 1369 apposuit.
1210 1289 1319 1371 Optati

193 1386 290 1451 libros
301 1387 674 1469 excipiuntpraefationes
686 1391 717 1452 et
726 1389 941 1455 adnotationes
952 1391 1109 1470 Balduini,
1119 1391 1320 1476 Albaspinaei

123 1533 126 1539 ·
181 1492 441 1569 obseruationes,
469 1495 673 1557 monumenta
699 1497 807 1558 uetera
829 1495 868 1559 ad
890 1496 1127 1561 Donatistarum
1156 1499 1320 1564 historiam

196 1596 392 1678 pertinentia,
414 1596 544 1659 indices.

241 1701 288 1764 De
314 1700 443 1779 reliquis
472 1697 581 1780 Optati
609 1699 797 1764 editionibus
826 1701 1071 1766 Schoenemanni
1097 1704 1320 1770 bibliothecam

197 1804 561 1869 historico-litterariam
597 1805 721 1884 patrum
751 1804 920 1867 latinorum
952 1804 995 1888 (p.
1023 1806 1048 1881 I,
1077 1807 1141 1868 343
1167 1806 1227 1891 sq.)
1258 1827 1319 1872 non

199 1909 266 1973 sine
288 1909 392 1972 fructu
415 1907 525 1971 adibis.

243 2013 304 2078 Sed
326 2013 509 2095 prinsquam
528 2010 733 2093 disputationi
751 2010 843 2075 finem
862 2010 985 2087 faciam,
1004 2011 1113 2093 paucis
1133 2031 1319 2078 commemo·

197 2119 328 2182 randum
352 2123 401 2182 est
421 2117 544 2198 praetor
566 2115 701 2180 editores
729 2133 823 2196 supra
845 2114 990 2179 laudatos
1014 2116 1165 2178 Meritum
1191 2116 1320 2182 Oasau·

197 2223 342 2300 bonnm,
365 2222 471 2305 ipsum
486 2218 593 2303 Optati
617 2219 766 2284 editorem
782 2212 928 2304 (Londini
954 2219 1050 2302 1631)
1074 2221 1106 2283 61
1125 2218 1221 2302 Gasp.
1237 2221 1320 2284 Bar-

197 2328 319 2396 thium
330 2326 451 2390 debitas
464 2344 537 2407 prae
552 2324 664 2389 ceteris
679 2323 740 2387 sibi
752 2322 862 2386 landes
880 2322 1258 2404 permissa-nostratium
1276 2325 1320 2388 in-

198 2431 407 2516 genianescio
424 2449 485 2513 qua
497 2429 617 2493 ratione
628 2422 736 2510 Optati
745 2426 833 2490 libris
845 2444 955 2507 parum
964 2426 1085 2489 intenta
1095 2425 1249 2504 uidentur,
1260 2447 1321 2492 non

199 2555 260 2620 qno
291 2554 418 2620 prorsus
441 2534 473 2597 in
497 2532 655 2598 obliuione
686 2531 816 2606 iacerem
849 2515 946 2594 immo
975 2530 1090 2594 citatur
1117 2530 1321 2603 Milonitanus

198 2643 252 2708 ille
288 2641 464 2725 episcopus,
492 2639 684 2718 ubicumque
720 2635 757 2700 de
793 2635 1030 2700 Donatistarum
1071 2636 1321 2701 contentionibus
1378 2683 1381 2686 -

201 2749 313 2832 agitur,
337 2747 393 2812 sed
414 2749 533 2821 uereor,
556 2747 593 2807 ut
610 2740 804 2823 frequentius
827 2740 957 2823 legatur,
980 2739 1103 2823 saepius
1126 2740 1322 2823 inspiciatur:

200 2852 340 2936 plerique
368 2868 407 2915 ne
442 2848 577 2913 nominis
614 2846 741 2927 quidem
768 2843 912 2936 notitiam
938 2844 1064 2911 habent.
1096 2847 1233 2909 attamen
1261 2865 1321 2910 non

200 2976 327 3039 prorsus
362 2955 548 3039 torpuerunt
584 2951 689 3017 studia
725 2947 905 3031 Optatiana:
943 2950 1107 3027 Voe1ter,
1144 2949 1321 3027 Dentsch‚
1394 3007 1396 3012 .

202 3061 405 3137 Duchesne‚
425 3058 516 3125 Seelr
536 3056 656 3137 aliique
674 3055 911 3120 Donatistarum
929 3056 1071 3137 tempora
1089 3053 1322 3119 studiosissime

202 3168 427 3251 perlustrantes
448 3163 550 3227 facero
573 3180 634 3252 non
661 3161 839 3243 potuerunt,
869 3158 943 3241 quin
956 3218 959 3223 ,
972 3156 1080 3239 Optati
1111 3159 1207 3222 libros
1235 3177 1323 3222 encu-

202 3275 313 3348 terent‚
328 3273 446 3335 etcum
460 3267 569 3335 carolo
583 3264 747 3329 Paucker
760 3265 956 3328 Hermannus
970 3263 1116 3327 Rbnsch
1129 3265 1325 3345 praematura

204 3377 293 3443 nobis
315 3378 414 3441 morte
434 3375 559 3454 ereptus
575 3371 702 3437 illorum
718 3369 913 3454 ingeniorum
933 3386 1043 3451 agmen
1062 3367 1166 3449 coegit
1183 3385 1235 3431 ser
1253 3369 1324 3430 ente
1383 3407 1385 3410 <

206 3502 301 3548 annos
329 3482 367 3545 de
395 3479 503 3562 Optati
535 3495 646 3561 genere
674 3474 796 3540 (1116611
822 3474 986 3556 disputans
1018 3469 1137 3556 (Ztsoh.
1165 3471 1187 3535 f.
1215 3475 1323 3536 osterr.

174 3658 175 3661 ,
207 3586 325 3670 Gymn„
351 3584 446 3661 1884,
478 3604 509 3666 p.
533 3582 594 3646 401
624 3578 699 3665 sq.);
729 3579 798 3661 ipse
830 3597 887 3661 ego
919 3575 1225 3658 quaestiuncularum
1257 3594 1325 3659 spe-

207 3693 307 3757 cimen
330 3689 448 3756 contuli
471 3687 510 3752 ad
532 3685 662 3750 11161611
687 3682 944 3749 vindobonensem
976 3681 1019 3766 (p.
1048 3682 1121 3758 168)
1152 3680 1325 3763 nuperrime

208 3797 338 3863 editum.
372 3792 574 3859 nihilominus
609 3790 730 3875 ingrata
765 3789 898 3870 quadam
934 3782 1092 3851 obliuione
1128 3785 1257 3849 obrutus
1293 3782 1324 3843 in

163 3898 165 3903 ’
206 3884 466 3967 bibliothecarum
497 3896 619 3963 scriniis
649 3896 727 3960 latet
757 3891 903 3977 Optatus,
936 3911 971 3956 er
999 3909 1060 3973 quo
1092 3889 1246 3972 Dupinrus
1277 3903 1325 3948 re-

162 4005 163 4009 ’
208 3989 353 4073 censione
384 4022 442 4070 sua
473 4002 557 4068 edita
587 4002 620 4065 et
652 4000 764 4063 iterata
794 3998 909 4063 criseos
945 3995 1146 4060 fundamenta
1180 3991 1329 4078 posuerat

210 4114 363 4178 duratura.
384 4109 439 4176 sed
455 4107 592 4173 nondum
607 4108 645 4170 ad
661 4107 777 4170 caloern
792 4103 956 4169 decursum
971 4103 1033 4165 est:
1048 4117 1153 4162 ueram
1168 4093 1327 4176 scriptoris

210 4237 336 4282 manum
358 4214 542 4279 rimantibus
566 4214 597 4276 et
618 4211 650 4275 in
668 4198 731 4275 hac
754 4209 898 4283 editione,
923 4224 1002 4288 quae
1020 4201 1205 4268 limatiorem
1223 4217 1326 4263 reeen-
