3044 4656
283 326 346 388 160
621 324 647 377 S.
677 322 815 394 Optati
841 325 1067 378 Mileuitani
1103 378 1104 381 ,

282 515 366 594 quod
390 535 408 578 a
429 517 609 598 parentibus
632 516 747 581 uestris
770 518 942 581 admissum
961 520 1032 593 est;
1062 519 1116 582 sed
1144 519 1290 599 quoniam
1318 520 1400 584 aliud

284 625 342 695 est,
375 621 458 702 quod
489 622 565 686 facit
596 623 728 700 animus,
760 622 845 686 alind
878 626 935 700 cst,
969 623 1052 705 quod
1084 627 1228 707 operatur
1259 629 1400 702 euentus,

282 726 432 808 quicquid
463 727 500 790 de
533 729 695 792 uoluntate
726 731 832 810 potest
863 729 901 792 ab
933 729 1058 794 homine
1089 729 1165 807 fieri,
1198 730 1258 794 lroc
1288 731 1403 795 meruit

280 832 453 915 prohiberi,
491 833 639 914 quicquid
676 834 848 898 necessitas
884 837 1007 916 peceat,
1044 855 1104 900 non
1140 839 1247 918 potest
1280 839 1402 920 magnis

281 938 401 1003 uiribus
435 938 582 1003 accusari.
608 938 740 1021 denique
766 941 914 1004 uoluntas
942 941 1037 1005 habet
1061 960 1202 1024 poenam,
1230 943 1402 1007 necessitas
1434 965 1446 1003 ε

250 1035 414 1109 'ueniam
438 1043 603 1120 homicida,
628 1046 731 1109 scelus
760 1046 833 1109 dum
861 1066 951 1111 nemo
979 1047 1073 1130 cogit,
1099 1049 1206 1129 potest
1233 1048 1401 1123 ebducere,

278 1154 386 1233 potest
405 1155 436 1215 et
453 1170 514 1215 non
533 1150 647 1224 facere;
672 1151 859 1215 adulterium
882 1152 1042 1228 moechus,
1063 1153 1140 1215 dum
1160 1153 1290 1217 deforis
1309 1173 1400 1217 nemo

263 1257 440 1340 conpellit,
465 1259 570 1338 potest
593 1256 766 1332 admittere,
790 1258 894 1339 potest
916 1259 948 1320 et
964 1275 1030 1320 non
1054 1258 1227 1335 admittere,
1248 1260 1280 1320 et
1298 1261 1400 1321 cetera

283 1362 474 1438 huiusmodi,
502 1362 534 1424 in
562 1362 676 1444 quibus
703 1362 836 1426 liberum
863 1362 994 1425 habetur
1021 1362 1192 1429 arbitrium.
1229 1363 1298 1426 ideo
1330 1382 1397 1443 pro·

282 1468 381 1531 hibita
404 1468 478 1531 dum
502 1472 660 1550 geruntur,
688 1467 804 1532 indicio
828 1467 1032 1546 destinantur,
1055 1487 1118 1533 non
1138 1461 1303 1532 interdicta
1324 1468 1398 1531 dum
1417 1487 1443 1526 ro

281 1575 385 1656 eliqua
412 1573 598 1638 necessitate
626 1574 714 1652 fiunt,
742 1574 821 1640 forte
857 1574 948 1639 facile
986 1575 1131 1660 dignetur
1151 1575 1321 1664 ignoscere,
1346 1573 1400 1656 qui

278 1680 382 1744 noluit
408 1679 579 1762 prohibere.
616 1680 910 1762 deniquodclictum,
933 1682 993 1746 hoc
1043 1681 1125 1764 quod
1153 1681 1242 1762 quasi
1268 1681 1399 1762 capitale

282 1786 386 1870 potuit
409 1785 489 1851 obii
512 1786 693 1869 parentibus
716 1786 841 1862 uestris,
865 1787 893 1852 si
915 1786 970 1851 illo
993 1787 1187 1870 intempore
1214 1787 1402 1851 nudarentur

282 1897 337 1957 aut
362 1894 394 1957 in
421 1892 573 1956 iudicium
599 1898 795 1970 uocarentur,
827 1900 958 1977 possent
989 1896 1050 1960 sibi
1082 1897 1221 1977 exemplo
1251 1913 1312 1958 non
1340 1881 1401 1955 uno

278 2018 471 2072 succurrere,
499 1999 554 2063 ubi
579 1999 688 2081 primis
715 2001 909 2083 temporibus
942 2005 997 2066 ant
1027 2002 1153 2065 tabulae
1180 2001 1259 2084 legis
1286 2000 1401 2062 fractae
1421 2026 1445 2064 ιε

281 2108 339 2168 aut
359 2105 431 2170 libri
454 2105 562 2169 traditi
585 2124 655 2170 esse
681 2107 832 2190 leguntur
857 2109 911 2172 uel
935 2108 1028 2172 incisi
1051 2112 1083 2171 ct
1103 2106 1232 2181 incensi,
1256 2109 1288 2169 et
1309 2124 1400 2169 nemo

284 2211 447 2274 damnatus
471 2214 529 2275 est.
566 2212 603 2289 si,
627 2215 780 2294 utsupra
803 2213 873 2290 diri,
896 2215 1039 2296 parentes
1062 2212 1160 2275 uestri
1181 2211 1236 2274 illo
1259 2215 1400 2291 tempore

282 2319 485 2393 nudarentur,
518 2317 545 2381 si
577 2319 716 2383 accusari
747 2319 939 2400 potuissent,
972 2316 1039 2381 sine
1070 2317 1164 2380 dubio
1197 2306 1335 2380 dicerent
1365 2335 1399 2381 se

280 2422 360 2485 nihil
382 2424 515 2505 amplius
542 2423 655 2489 fecisse
683 2442 700 2485 a
722 2405 831 2506 Moyse
856 2422 1047 2504 legislatore,
1076 2421 1220 2502 quamuis
1247 2439 1307 2485 non
1338 2422 1399 2485 sibi

281 2527 423 2592 similent
454 2530 510 2594 sed
531 2531 613 2595 inter
635 2548 668 2594 se
690 2531 867 2611 repugnent
891 2525 1061 2590 necessitas
1085 2529 1117 2589 et
1138 2527 1296 2604 uoluntas,
1325 2545 1398 2590 cum
1416 2541 1443 2592 ro

278 2633 387 2698 *codem
411 2636 533 2700 nomine
556 2634 635 2718 legis
658 2636 821 2717 parentum
842 2635 1018 2696 uestrorum
1042 2635 1074 2695 θῖ
1095 2632 1199 2714 Moysi
1220 2652 1283 2696 una
1304 2633 1399 2698 fuerit

279 2749 384 2804 cauea.
420 2746 549 2824 possent
576 2741 676 2805 dicere
703 2742 847 2821 parentes
869 2736 968 2802 uestri
989 2738 1070 2802 illud
1092 2757 1126 2803 se
1150 2739 1187 2802 de
1210 2741 1396 2806 necessitate

281 2847 404 2924 fecisse,
437 2848 520 2928 qnod
546 2848 671 2930 Moyses
702 2845 786 2927 prior
816 2844 924 2910 iecerit
955 2844 992 2908 de
1024 2846 1199 2909 uoluntate.
1240 2847 1294 2928 qui
1324 2865 1395 2913 cum

278 2955 395 3037 populo
422 2953 644 3037 indignaretur,
672 2969 733 3016 non
762 2951 979 3031 considerauit,
1008 2952 1080 3034 quia
1108 2955 1184 3017 deus
1212 2953 1309 3036 digito
1337 2970 1394 3016 suo

280 3062 511 3143 scripserat-
533 3057 657 3142 etplus
681 3062 739 3135 est,
764 3057 846 3140 quod
869 3058 1018 3141 seriptum
1042 3061 1092 3122 est
1122 3058 1153 3121 in
1178 3059 1273 3135 caelo,
1302 3076 1395 3140 quam
1415 3080 1441 3120 ae

281 3168 363 3245 quod
389 3167 421 3229 in
449 3171 541 3243 terra,
571 3168 602 3229 θῖ
628 3183 689 3228 non
717 3168 767 3228 est
792 3182 898 3243 unum,
928 3164 1011 3245 quod
1038 3165 1113 3228 iecit
1139 3162 1189 3227 dei
1213 3163 1332 3247 digitus
1365 3167 1397 3228 et

280 3273 364 3351 quod
401 3271 526 3355 scripsit
562 3272 700 3339 calamus
732 3271 867 3335 humana
906 3289 999 3334 manu
1036 3269 1226 3351 conpositus.
1268 3269 1395 3352 Moyses

278 3377 406 3458 ferebat,
431 3378 513 3461 quod
535 3397 589 3459 per
611 3378 727 3443 nubem
755 3379 923 3458 acceperat,
951 3378 983 3438 et
1007 3376 1150 3457 parentes
1177 3374 1276 3437 uestri
1302 3375 1396 3438 tradi-

279 3482 398 3559 derunt,
418 3485 499 3564 quod
519 3483 590 3547 data
603 3484 744 3548 mercede
764 3482 966 3547 confecerant.
984 3482 1066 3545 reete
1086 3498 1119 3543 se
1137 3482 1280 3561 parentes
1296 3483 1369 3545 uest
1387 3482 1393 3494 '

280 3586 481 3653 defenderent
508 3591 654 3655 docentes
681 3577 813 3673 capitale
836 3587 949 3651 crimen
972 3607 1032 3652 non
1056 3603 1137 3660 esse,
1161 3585 1188 3647 si
1211 3585 1243 3648 id
1266 3586 1395 3651 fecisset
1411 3609 1437 3647 eo

279 3693 494 3776 unusquisque
527 3715 633 3762 eorum
664 3713 777 3777 magno
809 3695 894 3758 metu
924 3691 1119 3776 pertenitns,
1153 3692 1236 3774 quod
1266 3692 1391 3775 Moyses

277 3800 405 3865 fecisset
438 3801 546 3866 iratus.
571 3804 603 3866 et
634 3821 693 3866 non
729 3801 860 3884 legimus
898 3799 1056 3865 dominum
1090 3799 1286 3884 indignatum
1322 3817 1389 3862 esse

277 3907 381 3990 Moysi
402 3924 460 3970 nec
482 3906 657 3973 uindicasse
680 3905 851 3972 confractas
874 3905 1008 3983 tabulas,
1032 3923 1107 3987 quas
1130 3924 1224 3969 manu
1247 3923 1303 3969 sua
1324 3922 1388 3985 pcr-

279 4016 454 4098 scripserat‚
478 4031 535 4077 nec
567 4018 710 4094 peccator
738 4011 910 4094 appellatus
938 4014 1069 4076 estnec
1096 4012 1234 4092 punitus.
1269 4007 1313 4072 sic
1340 4009 1389 4071 len

338 4231 342 4239 ·
366 4208 397 4260 15
412 4205 433 4259 dr
451 4204 485 4257 23
504 4220 543 4273 eq.
562 4201 606 4256 cfr.
624 4201 704 4256 Exod.
723 4201 765 4262 32,
786 4201 830 4262 19;
849 4199 929 4254 Dent.
948 4201 974 4265 9,
993 4201 1025 4253 17
