3044 4656
439 321 483 375 VI.
507 322 529 374 dr
552 320 611 376 VII.
636 319 849 376 Constantini
874 320 1048 390 epistulae.
1238 325 1296 391 21]

182 520 322 589 uniuersa,
348 536 420 592 quae
444 518 469 576 ei
490 519 648 586 intenditis,
679 519 799 591 probata
826 536 887 576 esse
915 518 1074 576 uideantur.
1113 518 1191 577 deus·
1210 519 1301 578 omni·

181 612 283 682 potens
305 609 470 681 perpetuam
493 607 601 665 tribuat
623 606 812 665 securitatem.

712 797 776 858 VII.

227 922 306 980 Celso
329 913 436 979 uicario
460 920 583 980 Africae.

151 1036 162 1075 5
224 1011 407 1068 Perscuerare
433 1009 586 1069 Menalium
613 1027 690 1080 eum,
723 1027 805 1084 quem
835 1007 893 1067 iam
924 1010 1029 1067 dudum
1060 1014 1223 1084 susceperat
1251 1010 1350 1069 ἰπὶ-34·

180 1098 269 1168 sauia,
303 1100 420 1167 ceteros,
454 1098 502 1171 qui
534 1116 551 1155 a
582 1099 701 1157 ueritate
734 1097 779 1157 dei
812 1097 933 1172 digressi
961 1097 1049 1157 errori
1076 1115 1106 1156 se
1132 1099 1300 1174 prauissimo

180 1186 328 1257 dederunt,
350 1186 479 1260 proxima
501 1186 585 1244 etiam
604 1186 754 1261 grauitatis
772 1189 837 1245 tuae
856 1185 963 1260 scripta
980 1188 1085 1244 testata
1102 1188 1177 1257 sunt,
1198 1186 1300 1261 quibus

125 1285 129 1291 ·
177 1274 371 1333 inhaerentem
393 1276 422 1333 te
444 1274 564 1333 iussioni
586 1278 700 1334 nostrae
725 1276 759 1334 de
782 1274 881 1333 merito
901 1273 1049 1333 seditionis
1067 1274 1193 1348 ipsomm
1211 1292 1300 1349 eoque

179 1363 309 1433 tumultu,
330 1380 414 1436 quem
437 1364 623 1437 apparabant,
647 1363 800 1422 inhibitum
824 1380 884 1421 esse
907 1363 1077 1433 memorasti,
1102 1363 1190 1422 frater
1213 1364 1300 1422 caris-
1381 1407 1384 1410 «
1428 1382 1433 1394 ’

136 1478 160 1516 10
179 1450 257 1508 sime.
289 1451 365 1508 unde
391 1483 427 1492 -
454 1451 587 1524 quoniam
612 1470 644 1510 ex
667 1468 699 1510 eo
722 1451 815 1525 patuit
836 1450 914 1522 ipsos
936 1450 1059 1510 nefarias
1082 1469 1126 1510 res
1150 1452 1299 1526 cogitasse,

179 1538 255 1611 quod
279 1537 362 1607 enim,
387 1554 450 1595 cum
472 1538 634 1596 statuissem
661 1539 736 1595 inter
762 1538 841 1612 ipsos
868 1540 952 1611 atque
976 1539 1165 1598 Caecilianum
1192 1541 1300 1614 plenis·

179 1625 248 1682 sime
284 1642 369 1697 super
404 1624 623 1698 allegationibus
659 1624 780 1682 diuersis
816 1623 971 1696 requirere,
1007 1626 1185 1700 praesentiae
1221 1645 1299 1684 meae

179 1715 340 1784 susceptam
371 1711 467 1785 fugam
500 1712 666 1768 subtrahere
696 1712 862 1769 laboramnt
888 1744 931 1752 —
956 1711 1012 1769 hoo
1042 1712 1104 1784 ipso
1136 1713 1299 1784 turpissimo

178 1800 254 1857 facto
283 1798 407 1857 confessi
434 1798 470 1857 ad
497 1815 531 1855 ea
558 1815 588 1855 se
616 1798 708 1856 redire
735 1815 894 1872 properare,
924 1815 998 1871 quae
1019 1800 1048 1855 et
1069 1805 1153 1855 antea
1174 1799 1301 1857 fecerant

137 1913 162 1952 15
181 1890 208 1945 et
230 1903 307 1944 nuuc
330 1903 413 1960 agere
434 1888 628 1960 perseuerant.
666 1888 696 1943 at
719 1903 782 1943 cum
806 1887 915 1944 constet
937 1884 1050 1943 minime
1073 1901 1299 1959 unumquemque

178 1974 295 2050 propria
312 1973 438 2047 >pomus
471 1973 575 2032 delicta
605 1973 722 2044 lucrari,
760 1972 871 2031 etiamsi
905 1972 1050 2047 paulisper
1085 1990 1180 2032 eorum
1215 1965 1301 2032 fuerit

180 2061 332 2122 cohercitio
353 2060 449 2132 dilata,
465 2062 656 2120 mandandum
676 2060 811 2135 grauitmi
828 2063 894 2119 tuae
913 2060 988 2130 duxi,
1007 2063 1040 2118 ut
1056 2060 1168 2119 interim
1187 2060 1299 2134 quidem

180 2151 291 2210 eosdem
330 2149 443 2210 omittas
482 2152 511 2209 et
546 2149 779 2208 dissimulandum
813 2166 897 2223 super
927 2149 1006 2223 ipsos
1038 2166 1100 2207 esse
1131 2165 1297 2222 cognoscas.

178 2256 276 2298 uemm
298 2240 374 2298 lecta
390 2239 445 2299 hec
464 2238 584 2312 epistola
600 2240 658 2297 tam
679 2229 838 2296 Caeciliano
857 2255 941 2310 quam
958 2235 1068 2295 hisdem
1085 2236 1181 2311 palam
1197 2236 1295 2308 facias,

135 2355 161 2395 ω
179 2329 255 2402 quod
279 2345 341 2386 cum
364 2327 479 2386 fauente
501 2327 607 2401 pietate
631 2326 729 2385 diuina
750 2325 876 2384 Africam
903 2341 1021 2402 uenero,
1048 2324 1213 2399 plenissime
1234 2323 1297 2383 uni·
1352 2328 1353 2331 ’

177 2415 269 2476 uersis
291 2419 350 2474 tam
373 2415 532 2475 Caeciliano
561 2431 644 2488 qnam
670 2415 725 2482 his,
755 2414 804 2488 qui
831 2415 931 2472 contra
956 2430 1019 2471 eum
1047 2430 1129 2488 agere
1156 2412 1297 2484 uidentur,
1405 2473 1408 2479 ,
1480 2413 1482 2417 ’

178 2505 251 2563 lecto
275 2504 402 2562 dilucido
422 2503 527 2562 iudicio
550 2504 793 2562 demonstraturus
816 2519 887 2572 sum,
913 2517 985 2575 quae
1008 2504 1037 2560 et
1059 2501 1150 2575 qualis
1173 2517 1299 2559 summae

180 2591 322 2649 diuinitati
352 2592 391 2649 sit
422 2591 583 2650 adhibenda
612 2591 757 2650 ueneratio
789 2593 819 2649 et
844 2590 1001 2649 cuiusmodi
1033 2590 1125 2649 cultus
1158 2589 1298 2648 delectare

179 2677 317 2747 uideatur,
351 2679 478 2737 adhibito
511 2679 595 2737 etiam
626 2679 757 2753 diligenti
784 2678 911 2738 examine
939 2695 981 2749 ea,
1010 2695 1082 2752 quae
1109 2694 1185 2736 nnnc
1211 2675 1298 2748 aliqui

139 2790 164 2830 25
183 2765 282 2823 exinde
308 2764 459 2823 inlecebris
486 2766 589 2824 mentis
614 2766 847 2840 ignorantiaeque
875 2766 1017 2825 occultare
1044 2783 1074 2824 se
1100 2766 1211 2840 putant,
1238 2763 1298 2837 ple-

180 2852 295 2910 nissime
322 2869 383 2909 sum
411 2855 572 2925 reperturus
599 2856 684 2925 atquc
710 2851 740 2909 in
766 2853 857 2912 lucem
884 2854 1011 2912 facturus
1042 2852 1152 2921 uenire;
1186 2851 1298 2909 easdem

179 2957 326 3015 personas,
352 2957 423 3012 quae
445 2957 491 2997 res
513 2940 596 2998 istius
619 2937 696 2996 modi
720 2938 864 2997 concitant
889 2942 1063 3015 faciuntque,
1091 2941 1124 2996 ut
1149 2955 1208 2996 non
1236 2954 1298 2996 cum

180 3048 222 3100 ea,
248 3047 304 3102 qua
326 3029 446 3101 oportet,
469 3027 652 3085 ueneratione
676 3042 800 3083 summus
828 3027 897 3085 deus
926 3028 1043 3099 colatur,
1071 3027 1187 3101 perdam
1214 3026 1298 3099 atque

180 3117 339 3176 discutiam.
376 3132 494 3188 cumque
516 3115 586 3172 satis
609 3113 714 3172 clareat
734 3113 874 3172 neminem
895 3133 980 3191 posse
1002 3113 1191 3175 beatitudines
1216 3130 1345 3171 mar-cen

137 3231 163 3271 »ο
180 3206 250 3279 tyris
279 3222 311 3264 eo
339 3220 441 3279 genere
469 3201 644 3276 conquirere,
670 3203 745 3275 quod
773 3201 895 3260 alienum
917 3222 935 3262 a
955 3204 1075 3262 ueritate
1101 3199 1246 3275 rehgicnis
1268 3204 1297 3260 et

179 3295 366 3366 incongruum
390 3310 452 3351 esse
473 3290 612 3360 uideatur,
633 3306 689 3360 eos,
710 3307 781 3364 quos
800 3291 900 3349 contra
916 3292 960 3349 fas
980 3294 1007 3349 et
1024 3289 1189 3362 religionem
1205 3289 1296 3363 ipsam

180 3397 372 3454 recognouero
387 3396 506 3454 reosque
519 3379 660 3438 uiolentes
674 3377 851 3451 conpetentis
864 3379 1055 3438 uenerationis
1075 3378 1294 3452 deprehendero,

217 3567 229 3618 1
252 3567 276 3617 ei
294 3582 343 3618 cm.
358 3565 417 3619 edd.
454 3563 662 3634 dsecuritatem]
679 3569 829 3632 sequuntur
839 3563 870 3615 ia
885 3562 967 3630 Osci.
982 3563 1032 3615 33¹³
1045 3567 1109 3616 catu.
1123 3562 1297 3632 buatptioaa

180 3637 280 3690 omues
297 3635 343 3689 ubi
361 3635 495 3705 promittit
513 3633 696 3689 constantinus
715 3633 749 3687 ad
768 3633 875 3687 africam
894 3649 922 3686 se
941 3635 1084 3688 uenturum
1101 3635 1130 3687 ut
1148 3634 1219 3688 inter
1236 3651 1295 3688 cae·

181 3707 305 3760 silianum
329 3709 356 3759 et
378 3706 504 3760 donatum
530 3705 562 3759 de
584 3705 698 3760 schisma
719 3705 763 3758 hic
785 3706 813 3758 in
836 3704 918 3758 africa
940 3705 1011 3758 lucta
1029 3705 1098 3760 celso
1116 3705 1213 3759 uicario
1232 3705 1294 3758 sub·

179 3779 229 3832 scri
249 3779 292 3833 sit.
307 3776 430 3844 pandect
444 3793 544 3845 argum.
563 3775 638 3844 epist.
657 3792 687 3846 sq
716 3780 786 3843 (poet
799 3776 870 3829 lacta
888 3776 1017 3830 tammum
1033 3776 1130 3831 statut
1147 3775 1294 3838 Daciam

181 3851 204 3904 le
258 3847 323 3901 ceter
342 3847 379 3900 dc
397 3847 556 3902 Donatistae
572 3864 598 3916 p.
618 3847 663 3915 20)

215 3919 266 3973 VH
289 3920 305 3970 5
327 3934 404 3986 quam
427 3917 485 3972 edd.
526 3919 648 3986 fortasse
668 3919 774 3987 ceperat
796 3917 931 3986 agendam
966 3917 982 3970 6
1002 3921 1153 3987 ceterosque
1172 3915 1218 3985 qui
1236 3912 1294 3967 edd.

181 3989 294 4060 9quem]
308 3987 417 4056 quch
452 3986 751 4057 12praesentiamea0
786 3989 817 4041 15
830 3990 858 4040 at
872 3989 939 4058 cum]
954 3988 987 4041 ad
1002 3987 1119 4059 quemO
1153 3987 1185 4039 16
1195 3984 1295 4054 paulis·

181 4061 236 4182 per]
255 4059 346 4131 paucis
364 4057 454 4127 perC
486 4059 520 4111 22
538 4058 609 4128 qual.
629 4075 686 4112 suro
705 4058 790 4111 meO
822 4059 855 4113 23
874 4057 1024 4113 diuinitatis
1041 4060 1064 4114 0
1076 4060 1134 4127 (cfr.
1148 4073 1177 4125 Ρ.
1192 4053 1298 4179 mii

200 4129 331 4184 eiusmodi
352 4128 465 4182 Ocultu
489 4128 614 4184 delectari
633 4129 691 4184 eac.
745 4129 779 4182 25
801 4130 968 4197 ignorantiae
987 4129 1098 4200 quueO
1149 4127 1183 4179 26
1202 4124 1252 4178 sim

182 4200 210 4252 in
224 4201 280 4254 luce
293 4199 459 4254 factorumO
510 4200 543 4255 28
557 4199 707 4270 prodamO
756 4200 790 4254 29
803 4199 1016 4255 beatitudinisO
1067 4201 1100 4252 32
1112 4195 1297 4251 uiolentiaeG

1190 4301 1245 4354 hh*
