3044 4656
268 304 328 367 198
741 303 909 373 Appendix

264 504 376 572 tempus
400 504 451 570 est,
477 517 586 572 exque
611 501 788 560 duouiratum
816 500 1012 559 administraui
1025 532 1077 559 ,-
1100 501 1166 559 auui
1189 503 1255 558 sunt
1276 501 1317 559 XI
1341 533 1383 550 -,

265 589 359 660 itaque
391 605 453 646 cum
484 588 633 659 inuenerit,
666 590 771 662 parebo
799 591 877 648 tanto
905 592 1067 663 praecepto.
1105 589 1250 648 Gallienus
1280 589 1380 648 duouir

266 676 348 734 dixit:
386 679 435 733 tua
465 676 584 734 interest
614 676 732 736 iussioni
763 695 876 750 parere;
912 678 993 735 uides
1030 677 1103 736 enim
1134 677 1287 736 iussionem
1320 695 1382 737 esse

266 781 384 822 sacram.
409 764 585 822 Caecilianus
608 765 692 823 dixit:
717 766 835 825 deuotus
857 782 920 824 sum
940 768 1020 824 tanto
1042 769 1203 839 praecepto.

307 854 380 910 Item
398 869 461 910 cum
478 853 563 926 paulo
581 856 647 926 post
664 853 758 911 scriba
770 853 888 912 Miccius
906 855 1126 927 snpemenisset,
1144 854 1263 913 Fascius
1282 854 1383 913 duouir
1411 866 1424 906 ὁ

265 941 348 998 dixit:
372 941 477 999 audisti
500 944 528 1000 et
550 944 589 1010 tu,
613 941 706 1012 Micci,
731 943 807 1014 quod
830 943 858 1000 et
879 944 911 999 tu
933 959 991 999 una
1013 960 1076 1000 cum
1100 943 1258 1001 Caeciliano
1280 959 1381 1001 neces·

265 1030 356 1088 sarius
380 1047 409 1087 es
431 1029 472 1087 ire
495 1031 532 1087 ed
554 1029 676 1087 officium
698 1029 754 1088 uiri
776 1030 940 1103 spectabilis
958 1030 1067 1101 uicarii,
1086 1030 1301 1089 iustmctionem
1321 1030 1381 1090 eius

265 1118 399 1191 temporis
431 1119 462 1175 ut
492 1117 639 1175 nobiscum
670 1117 828 1190 perferatis.
862 1119 898 1176 ad
928 1118 998 1176 hacc
1034 1118 1102 1191 quid
1138 1117 1227 1177 dicis?
1262 1118 1381 1177 Miccins

266 1206 427 1278 respondit:
459 1206 641 1278 magistratus
672 1207 802 1278 subpleto
834 1223 908 1264 anno
942 1222 1038 1264 omues
1065 1208 1145 1264 actus
1172 1222 1237 1264 suos
1265 1206 1379 1268 domun

213 1316 256 1358 acu
266 1310 345 1351 suam
363 1294 429 1352 tulit
446 1325 489 1355 *a*
508 1294 532 1350 si
554 1293 584 1350 in
607 1293 648 1351 eis
670 1311 736 1352 cera
756 1294 848 1369 possit
863 1294 995 1364 inueniri,
1017 1293 1139 1368 inquiro.
1164 1296 1272 1352 etcum
1291 1310 1380 1366 quae«
1397 1303 1422 1340 1⁰

266 1384 353 1450 reret,
391 1382 511 1452 Quintus
543 1382 663 1440 Sisenna
697 1383 798 1441 duouir
833 1382 919 1441 dixit:
961 1383 1035 1457 quod
1076 1381 1209 1455 cognouit
1244 1380 1376 1451 officium,

265 1470 421 1542 respoudit.
458 1470 637 1542 Apronianus
664 1469 747 1528 dixit:
780 1471 805 1529 si
832 1487 928 1530 omnes
956 1474 1037 1530 actus
1067 1487 1133 1529 suos
1158 1470 1262 1528 tulerat
1287 1468 1377 1543 magi-

266 1561 380 1628 stratus,
412 1559 486 1616 uude
518 1563 590 1625 acta,
624 1576 694 1631 quae
725 1562 793 1617 ωηο
825 1559 928 1618 emissa
958 1560 1040 1618 erant
1065 1559 1111 1618 uel
1139 1558 1269 1618 confecta
1298 1559 1378 1617 tanto

264 1647 407 1718 tempore?
436 1650 548 1705 etcum
572 1647 686 1718 diceret,
710 1647 846 1706 Aelianus
869 1649 1022 1722 proconsul
1045 1647 1128 1706 dixit:
1157 1650 1185 1705 et
1205 1664 1269 1705 mea
1289 1646 1377 1705 inter·

264 1735 373 1807 rogatio
412 1737 439 1793 et
474 1735 649 1808 singularum
688 1752 872 1810 personamm
912 1736 1059 1810 responsio
1099 1735 1170 1794 actis
1210 1735 1378 1794 continetur.
1399 1743 1422 1781 ¹⁵

264 1823 413 1895 Agesilaus
437 1823 520 1881 dixit:
549 1826 616 1882 sunt
640 1827 786 1896 praeterea
813 1827 841 1882 et
868 1824 940 1884 aliae
968 1825 1103 1898 epistolae
1129 1825 1195 1883 huic
1217 1824 1258 1882 rei
1280 1841 1378 1882 neces-

264 1911 369 1981 sariae;
393 1911 520 1982 interest,
545 1913 577 1970 ut
597 1912 739 1987 legantur.
761 1912 897 1971 Aelianus
918 1914 1072 1987 proconsul
1095 1912 1178 1971 dixit:
1201 1913 1264 1986 lege
1284 1912 1380 1970 Caeci-

263 1998 339 2057 liano
363 1999 504 2071 audiente,
531 2002 563 2058 ut
585 2003 730 2074 agnoscat,
750 2019 786 2059 au
803 2001 865 2075 ipse
885 2001 1043 2060 dictauerit.
1067 2001 1217 2074 Agesilaus
1235 2001 1379 2058 recitauit:

267 2087 463 2160 ,[Uolusiano]
488 2088 516 2146 et
532 2088 664 2149 Anniano
688 2089 851 2148 consulibus
873 2090 959 2148 XIIH
981 2091 1045 2148 Kal.
1069 2091 1146 2162 Sept.
1169 2089 1200 2147 in
1221 2088 1281 2147 iure
1304 2090 1381 2163 apud

264 2174 408 2233 Aurelium
439 2174 591 2250 Didymum
611 2178 777 2251 vSperetium
814 2169 1000 2236 sacerdotem¹
1017 2176 1096 2236 Iouis
1132 2176 1231 2249 optimi
1266 2176 1380 2235 maximi
1399 2183 1424 2222 Β

263 2263 409 2321 duouirum
445 2265 610 2338 splendidae
646 2265 772 2325 coloniae
808 2265 1082 2339 Carthaginiensium
1117 2263 1255 2322 Maximus
1292 2264 1376 2322 dixit:

260 2351 361 2424 loquor
391 2352 504 2411 nomine
535 2351 850 2412 seniorum'christiani
875 2352 972 2426 populi
999 2351 1153 2410 catholicae
1179 2350 1262 2425 legis.
1300 2353 1377 2431 apud

262 2439 398 2497 maximos
432 2440 614 2515 imperatores
650 2458 736 2499 causa
771 2441 882 2513 agenda
913 2440 966 2497 erit
997 2440 1095 2498 contra
1127 2438 1318 2498 Caecilianum
1349 2442 1379 2499 et

261 2527 393 2597 Felicem,
413 2529 461 2601 qui
477 2528 667 2602 principatum
685 2527 809 2585 eiusdem
830 2527 903 2600 legis
926 2526 1002 2585 omni
1023 2525 1053 2584 ui
1071 2528 1209 2607 conantur
1230 2527 1375 2588 inuadere.

263 2619 360 2674 contra
389 2615 467 2689 ipsos
498 2616 667 2672 documenta
697 2615 843 2672 criminum
875 2613 935 2673 eins
966 2614 1184 2689 conquiruntur,
1217 2632 1285 2675 nam
1313 2633 1377 2676 cum
1399 2627 1423 2666 ’ὅ

261 2705 420 2777 persecutio
452 2704 526 2761 esset
554 2702 663 2760 indicta
695 2702 866 2774 christianis,
898 2703 930 2762 id
961 2705 1014 2775 est,
1046 2708 1079 2761 ut
1105 2704 1299 2765 sacrificarent
1330 2708 1379 2764 aut

262 2809 452 2865 quascumque
482 2791 636 2864 scripturas
667 2791 818 2862 habereut,
851 2790 981 2851 incendio
1012 2793 1172 2864 traderent,
1203 2792 1295 2864 Felix,
1331 2794 1379 2867 qui

261 2883 328 2939 tunc
352 2881 501 2954 episcopus
522 2879 577 2937 fuit
598 2881 766 2951 Autumnus,
796 2891 965 2940 consensum
992 2881 1141 2954 adtulerat,
1170 2886 1202 2940 nt
1230 2883 1264 2940 de
1291 2888 1377 2940 manu

263 2969 355 3028 Calati
382 2968 536 3042 scripturae
563 2969 750 3039 traderentur,
777 2970 810 3027 ut
831 2969 892 3043 igni
914 2969 1085 3031 concremari
1107 2972 1233 3044 possent.
1267 2969 1377 3027 eierat

261 3060 329 3115 tunc
360 3057 494 3131 temporis
524 3055 707 3131 magistratus
738 3057 829 3130 Alfius
862 3059 1051 3130 Caecilianus,
1085 3076 1168 3132 quem
1197 3056 1377 3132 praesentem
1394 3064 1421 3104 ω

262 3145 358 3201 uidere
385 3144 522 3218 dignaris.
560 3148 588 3203 et
614 3145 748 3218 quoniam
777 3146 836 3204 eius
865 3148 999 3221 temporis
1032 3147 1153 3206 officium
1184 3142 1376 3215 incumbebat,

263 3233 295 3287 ut
316 3249 349 3288 ex
371 3233 494 3296 iussione
517 3235 713 3297 proconsulari
741 3251 838 3292 omnes
865 3235 1057 3294 sacrificarent
1083 3237 1111 3292 et
1125 3234 1162 3292 ·si
1189 3242 1258 3306 quas
1286 3232 1376 3307 scrip·

298 3398 310 3449 l
331 3399 471 3455 ducuiratu
493 3389 515 3455 C
565 3401 581 3453 2
601 3370 758 3471 galienusO
809 3402 826 3456 6
844 3403 915 3470 quod
934 3403 1004 3456 euim
1023 3401 1102 3472 (enim
1117 3400 1237 3469 perduct.
1255 3417 1288 3455 m.
1310 3399 1377 3472 oret.)

264 3485 334 3538 etC
385 3489 533 3544 tofficium
551 3493 614 3560 uspt
630 3484 776 3546 uicaridC
826 3487 938 3543 9domu
956 3490 1048 3544 suat'
1104 3487 1378 3558 incunctatam

264 3555 287 3607 ei
305 3555 333 3607 iu
352 3571 409 3638 cera
426 3563 511 3626 possit
528 3561 642 3615 inueniri
662 3561 689 3624 C,
709 3561 732 3613 si
752 3559 820 3614 ei'in
840 3575 861 3613 ο.
888 3562 974 3628 possit
1004 3562 1047 3632 in.
1075 3557 1208 3623 Musaeo,
1237 3561 1260 3614 si
1278 3561 1332 3615 mei
1350 3563 1378 3616 in

263 3642 321 3678 cera
338 3633 440 3693 possmt
456 3632 492 3686 iu.
501 3633 536 3697 B,
551 3633 574 3686 si
587 3633 615 3683 iu
630 3632 667 3685 eis
682 3647 740 3684 cera
752 3631 837 3701 possit
848 3630 876 3683 iu
886 3671 892 3682 .
901 3631 930 3683 D
941 3631 988 3700 qai
1001 3632 1127 3685 lacwuam
1138 3636 1202 3698 post
1214 3631 1281 3684 tulit
1290 3634 1377 3701 sospi-

263 3701 341 3750 cctwr
360 3698 399 3763 (p.
421 3698 452 3750 10
471 3701 488 3753 l.
507 3707 539 3768 c.)
558 3701 624 3756 mitt
646 3699 779 3768 probatas
800 3702 861 3770 (eft.
884 3702 914 3754 U.
929 3720 959 3770 p.
979 3703 1025 3769 14)
1115 3700 1147 3755 18
1164 3702 1300 3770 recitauit}
1314 3709 1378 3770 post

261 3768 380 3850 spatione
403 3770 438 3819 17
460 3770 509 3822 lter.
532 3773 562 3826 trs
584 3788 611 3827 η.
637 3787 675 3838 sq.
701 3772 822 3840 sequium
843 3772 870 3825 ct
892 3773 987 3827 aniano
1013 3771 1051 3854 0,
1070 3772 1213 3826 Uolusiano
1230 3773 1258 3826 B
1284 3773 1378 3826 merit

262 3839 599 3980 carcereo:
626 3911 1174 3968 t
1213 3843 1376 3967 :erre

264 3983 343 4046 (corr.
362 3997 395 4034 m.
414 3983 442 4046 1)
465 3979 487 4033 0
520 3951 654 4036 Memmia
668 3985 777 4035 conatur
794 3983 849 4051 OB,
862 3985 955 4064 ‘omnia
973 3930 1063 4038 mali
1077 3986 1106 4039 D
1117 3946 1173 4038 odsi
1189 3930 1376 4051 coepitio

264 4057 327 4105 cate
345 4051 511 4114 documenta,
530 4054 601 4106 omui
619 4053 647 4106 ui
664 4053 759 4120 compsi
810 4055 843 4108 26
860 4054 962 4109 rudicta
980 4057 1050 4109 esset
1063 4057 1093 4109 D
1148 4055 1180 4110 28
1199 4053 1258 4122 fnit]
1278 4055 1334 4106 crat
1346 4053 1376 4105 D

262 4123 434 4248 Ξὲωιηηιέοὲ
442 4122 470 4186 0,
498 4124 632 4177 autumnis
650 4123 708 4178 cdd.
729 4116 950 4190 (occem'retiaet
967 4126 997 4179 D
1017 4141 1134 4181 scrmom
1157 4124 1316 4194 cozperto·
1359 4127 1374 4190 )

315 4209 376 4246 eran
