3044 4656
205 322 246 386 18
538 315 565 370 S.
590 307 728 386 optati
751 314 979 370 Milenitani

202 512 307 577 Africa
334 512 417 576 sicut
444 515 476 573 et
502 513 533 572 in
563 507 673 573 ceteris
700 509 870 590 prouinciis
897 527 960 573 una
986 512 1051 572 erat
1074 512 1216 590 ecclesia,
1239 514 1322 577 ante.-

204 637 296 700 quam
320 616 511 681 diuideretur
532 614 570 679 ab
594 613 821 680 ordinatoribus
843 614 997 691 Maiorini,
1027 616 1116 680 cuius
1144 620 1180 680 tu
1206 617 1323 683 heredi-

203 709 314 789 tariam
341 719 519 786 cathedram
547 718 647 786 sedes.
680 720 851 786 uidendum
880 724 938 799 est,
967 720 1037 803 quis
1063 721 1095 785 in
1122 721 1225 787 radice
1253 744 1324 788 cum

204 833 272 896 toto
296 829 368 894 orbe
391 826 548 903 manserit,
572 826 642 907 quis
665 826 747 891 foras
771 826 886 904 exierit,
915 826 985 909 quis
1009 825 1186 890 cathedram
1209 828 1325 892 sederit

203 936 341 1011 alteram,
357 949 434 1013 quae
454 933 525 995 ante
538 949 599 995 non
613 929 723 1008 fuerat,
743 931 812 1015 quis
831 933 938 995 contra
956 931 1051 994 altare
1070 930 1165 992 altare
1184 931 1321 1010 erexerit,
1353 954 1366 993 s

203 1039 273 1122 quis
306 1035 530 1102 ordinationem
562 1035 672 1100 fecerit
702 1037 790 1102 saluo
818 1037 915 1099 altero
944 1034 1094 1111 ordinato,
1127 1034 1197 1116 quis
1223 1035 1324 1101 iaceat

203 1143 261 1208 sub
285 1140 440 1206 sententia
460 1140 607 1204 Iohannis
631 1140 774 1222 apostoli,
798 1140 852 1222 qui
875 1139 952 1204 dixit
977 1140 1094 1205 multos
1122 1139 1322 1206 antichristos

199 1247 283 1311 foras
311 1245 465 1309 exituros:
499 1245 586 1326 quia
617 1264 685 1309 non
718 1247 836 1322 erant,
869 1245 985 1326 inquit,
1018 1245 1152 1322 nostri,
1185 1263 1266 1308 nam
1294 1246 1322 1309 si

201 1349 323 1415 nostri
351 1353 492 1428 essent,
519 1351 749 1415 mansissent
774 1350 976 1440 nobiscum.
1011 1368 1082 1434 ergo
1111 1349 1165 1432 qni
1195 1350 1227 1412 in
1258 1369 1320 1414 uno

201 1474 273 1519 cum
300 1455 446 1521 fratribus
473 1475 597 1521 manere
625 1456 736 1534 noluit,
763 1455 936 1520 haereticos
963 1459 1092 1521 secutus
1119 1455 1214 1538 quari
1244 1454 1321 1520 anti-
1340 1475 1364 1514 ro

201 1560 336 1626 christus
358 1560 441 1626 foras
466 1561 571 1626 exiuit.
630 1602 632 1607 «
700 1650 701 1653 ι

245 1669 296 1733 lc.
327 1667 397 1732 Hoc
423 1668 506 1751 apud
538 1667 758 1751 Carthaginem
793 1671 867 1750 post
903 1668 1128 1734 ordinationem
1156 1665 1322 1734 Caeciliani

199 1772 318 1839 iactum
352 1792 421 1839 esse
453 1792 544 1840 nemo
577 1769 648 1860 [est]
682 1773 734 1854 qui
766 1773 894 1852 nesciat,
926 1792 981 1856 per
1006 1774 1160 1839 Lucillam
1191 1774 1321 1851 scilicet,

200 1879 305 1946 nescio
338 1899 432 1963 quam
463 1880 612 1946 feminam
638 1872 812 1958 factiosam,
840 1899 919 1962 quae
946 1884 1018 1945 ante
1045 1900 1229 1947 concussam
1255 1899 1322 1963 per·

201 1986 370 2052 secutionis
397 1987 575 2053 turbinibus
601 2005 720 2070 pacem,
749 1985 824 2051 dum
851 1986 952 2051 adhuc
978 1986 1010 2050 in
1037 1987 1205 2067 tranquillo
1229 1988 1322 2054 ⁴esset
1340 2006 1364 2044 ιι

196 2093 346 2171 ecclesia,
379 2112 451 2158 cum
483 2093 708 2176 correptionem
739 2093 946 2157 archidiaconi
978 2091 1144 2156 Caeciliani
1176 2086 1318 2174 [Lucilla]

199 2197 278 2262 ferre
305 2217 366 2262 non
393 2203 519 2279 posset3
552 2215 630 2277 quae
658 2199 728 2259 ante
757 2196 927 2276 spiritalem
955 2194 1059 2259 cibum
1088 2196 1120 2256 et
1145 2195 1255 2274 potum
1283 2210 1318 2255 os

198 2302 303 2366 nescio
327 2301 416 2366 cuius
439 2300 594 2383 martyris,
619 2300 646 2361 si
667 2300 771 2361 tamen
793 2298 947 2380 martyris,
975 2298 1071 2362 libare
1094 2297 1263 2378 dicebatur,
1287 2298 1319 2360 et

199 2422 271 2466 oum
284 2408 487 2483 praeponeret
500 2401 590 2490 calici
605 2400 733 2462 salutari
751 2417 785 2461 os
805 2401 909 2464 nescio
929 2401 1018 2464 ouius
1035 2401 1171 2466 hominis
1189 2402 1315 2479 mortui,

199 2509 232 2570 et
254 2505 281 2569 si
302 2504 446 2587 martyris
469 2504 525 2568 sed
543 2501 679 2566 necdum
702 2501 861 2580 uindicati,
882 2507 1021 2587 correpta
1043 2524 1115 2570 cum
1138 2507 1319 2573 confusione
1335 2526 1361 2565 w

285 2784 579 2856 memsam

232 2977 438 3034 amarescere
490 2977 701 3032 romanens
752 2944 910 3048 rqur'roras
926 2983 982 3047 (ss.
997 2982 1014 3036 r.
1027 2999 1062 3036 m.
1076 2984 1106 3050 a)
1120 2983 1148 3038 rr
1200 2984 1315 3037 surore

198 3070 289 3127 contra
306 3065 393 3119 altare
403 3065 436 3119 ob
456 3067 498 3133 (ut
508 3063 538 3133 p.
558 3066 600 3131 21,
614 3064 667 3131 13),
686 3066 801 3119 attonem
813 3067 896 3120 altare
909 3083 958 3121 om.
974 3067 1001 3122 G
1012 3068 1054 3135 (c'a
1066 3085 1115 3137 mp.
1130 3069 1223 3136 adpos.
1235 3085 1269 3124 m.
1284 3071 1313 3137 2)

198 3146 351 3235 61111111
371 3181 448 3257 (corr,
467 3182 543 3245 ml)
613 3179 683 3232 iacet
699 3179 734 3245 B,
752 3179 854 3233 iaceret
869 3179 895 3234 G
913 3183 956 3249 (m.
975 3185 995 3236 2
1011 3199 1025 3234 r
1042 3181 1168 3251 captate.)
1222 3184 1315 3240 isen-

195 3312 310 3366 onnam
327 3312 383 3368 nn
423 3267 549 3394 ξξξὲΒ
563 3312 594 3378 (o.
608 3311 625 3365 r.
638 3309 711 3381 oa)
758 3311 919 3381 anquina
954 3314 1145 3384 aquiranno]
1158 3281 1315 3385 quinarios

185 3439 269 3498 'ra-2
323 3444 355 3498 10
372 3459 478 3502 manere
497 3459 556 3497 oum
573 3428 746 3497 nauibus&
800 3443 832 3496 12
850 3409 1014 3516 oa'scagnem
1031 3445 1059 3498 Β
1121 3447 1153 3500 13
1170 3465 1247 3502 nemo
1267 3451 1313 3519 qui

196 3531 300 3584 nesciat
310 3531 388 3598 PBo,
402 3547 479 3585 nemo
493 3533 535 3584 est
552 3531 613 3600 quie
633 3532 656 3598 (s
674 3534 741 3586 cras
753 3530 872 3602 widhar)
887 3535 989 3588 nesciat
999 3533 1052 3598 Rb,
1068 3534 1126 3602 quis
1138 3537 1240 3591 nesciat
1252 3541 1312 3605 (om.

197 3661 378 3731 nemoest)G
431 3664 464 3717 14
475 3662 659 3732 persecutione
667 3678 790 3739 paccmo
843 3665 876 3718 15
893 3664 1065 3747 intranquille
1078 3665 1106 3718 Β
1159 3625 1310 3732 ret-archag-

198 3748 303 3803 diaconi
318 3749 347 3804 P
391 3750 483 3806 lucilla
500 3767 551 3805 om.
569 3751 612 3816 bd,
629 3750 764 3806 ocrim
777 3752 894 3821 plorasse
912 3752 1069 3808 colchorum
1122 3756 1153 3809 17
1172 3775 1225 3822 non
1243 3758 1309 3810 ferre

197 3899 252 3936 non
264 3882 333 3951 (emp.
344 3898 399 3938 non
410 3899 444 3938 m.
456 3885 487 3949 2)
498 3883 526 3936 Β
612 3883 698 3953 possit
716 3885 736 3949 (i
753 3889 847 3938 nmtat.
865 3885 897 3939 irc
914 3888 938 3952 e)
957 3882 986 3937 P
1065 3886 1104 3956 oa]
1123 3854 1212 3971 omnes
1231 3889 1308 3952 (corr.

197 3987 231 4025 m.
250 3970 320 4040 2)B
373 3971 405 4026 18
424 3970 561 4026 dicebatur
577 3970 661 4026 libare
678 3971 706 4024 Β
774 3971 864 4026 lauare
883 3973 937 4028 do
990 3973 1022 4027 19
1041 3975 1129 4030 calicis
1146 3971 1309 4029 salutarisG

199 4068 328 4157 uniisse
348 4103 444 4173 (osni.
464 4102 507 4171 11)
560 4102 594 4158 20
615 4069 732 4158 maianis
749 4104 777 4156 Β
797 4107 870 4159 m.2
937 4105 1067 4161 uindicati
1090 4107 1185 4176 (adeor.
1208 4103 1239 4158 ior
1259 4121 1308 4174 my.
1388 4079 1390 4082 Α

198 4191 242 4244 uel
259 4189 371 4244 indicati
387 4206 420 4245 m.
440 4192 469 4258 2)
491 4190 524 4256 G,
543 4191 690 4256 uindicanti
707 4192 734 4244 Β
803 4192 989 4258 οοιι1ιιε1ουιιο
1009 4193 1035 4249 G
1054 4195 1138 4264 (boat.
1155 4210 1188 4246 m.
1207 4193 1235 4261 2)
