<?xml version="1.0" encoding="UTF-8"?>
<!DOCTYPE html PUBLIC "-//W3C//DTD XHTML 1.0 Transitional//EN"
    "http://www.w3.org/TR/xhtml1/DTD/xhtml1-transitional.dtd">
<html xmlns="http://www.w3.org/1999/xhtml" xml:lang="en" lang="en">
 <head>
  <title>
</title>
<meta http-equiv="Content-Type" content="text/html;charset=utf-8" />
  <meta name='ocr-system' content='tesseract 3.04.00' />
  <meta name='ocr-capabilities' content='ocr_page ocr_carea ocr_par ocr_line ocrx_word'/>
</head>
<body>
  <div class='ocr_page' id='page_1' title='image "./soptatimilevita00ziwsgoog_0250.png"; bbox 0 0 3044 4656; ppageno 0'>
   <div class='ocr_carea' id='block_1_1' title="bbox 465 331 1273 404">
    <p class='ocr_par' dir='ltr' id='par_1_1' title="bbox 465 331 1273 404">
     <span class='ocr_line' id='line_1_1' title="bbox 465 331 1273 404; baseline 0.006 -18"><span class='ocrx_word' id='word_1_1' title='bbox 465 332 486 387; x_wconf 94' lang='lat' dir='ltr'>I.</span> <span class='ocrx_word' id='word_1_2' title='bbox 513 332 614 386; x_wconf 85' lang='lat' dir='ltr'>Ceste</span> <span class='ocrx_word' id='word_1_3' title='bbox 635 331 719 402; x_wconf 86' lang='lat' dir='ltr'>apud</span> <span class='ocrx_word' id='word_1_4' title='bbox 742 332 963 402; x_wconf 75' lang='lat' dir='ltr'>zenophilum.</span> <span class='ocrx_word' id='word_1_5' title='bbox 1213 342 1273 404; x_wconf 82' lang='lat'>195</span> 
     </span>
    </p>
   </div>
   <div class='ocr_carea' id='block_1_2' title="bbox 52 529 1364 3687">
    <p class='ocr_par' dir='ltr' id='par_1_2' title="bbox 128 529 1334 1297">
     <span class='ocr_line' id='line_1_2' title="bbox 158 529 1273 606; baseline 0.004 -18"><span class='ocrx_word' id='word_1_6' title='bbox 158 530 301 592; x_wconf 83' lang='lat' dir='ltr'>dixerunt:</span> <span class='ocrx_word' id='word_1_7' title='bbox 326 529 441 589; x_wconf 90' lang='lat' dir='ltr'>scimus.</span> <span class='ocrx_word' id='word_1_8' title='bbox 473 529 642 604; x_wconf 92' lang='lat' dir='ltr'>zenophilus</span> <span class='ocrx_word' id='word_1_9' title='bbox 665 546 693 587; x_wconf 86' lang='lat' dir='ltr'>u.</span> <span class='ocrx_word' id='word_1_10' title='bbox 718 546 742 587; x_wconf 86' lang='lat' dir='ltr'>o.</span> <span class='ocrx_word' id='word_1_11' title='bbox 767 529 924 591; x_wconf 88' lang='lat' dir='ltr'>consularis</span> <span class='ocrx_word' id='word_1_12' title='bbox 947 530 1030 589; x_wconf 87' lang='lat' dir='ltr'>dixit:</span> <span class='ocrx_word' id='word_1_13' title='bbox 1054 550 1193 606; x_wconf 88' lang='lat' dir='ltr'>pauperes</span> <span class='ocrx_word' id='word_1_14' title='bbox 1216 551 1273 593; x_wconf 93' lang='lat' dir='ltr'>non</span> 
     </span>
     <span class='ocr_line' id='line_1_3' title="bbox 157 618 1273 693; baseline 0.006 -18"><span class='ocrx_word' id='word_1_15' title='bbox 157 621 344 692; x_wconf 79' lang='lat' dir='ltr'>acceperunt?</span> <span class='ocrx_word' id='word_1_16' title='bbox 372 618 514 677; x_wconf 88' lang='lat' dir='ltr'>dixerunt:</span> <span class='ocrx_word' id='word_1_17' title='bbox 543 635 625 677; x_wconf 90' lang='lat' dir='ltr'>nemo</span> <span class='ocrx_word' id='word_1_18' title='bbox 652 618 723 677; x_wconf 91' lang='lat' dir='ltr'>nihil</span> <span class='ocrx_word' id='word_1_19' title='bbox 750 618 868 692; x_wconf 92' lang='lat' dir='ltr'>accepit.</span> <span class='ocrx_word' id='word_1_20' title='bbox 905 619 1076 693; x_wconf 88' lang='lat' dir='ltr'>zenophilus</span> <span class='ocrx_word' id='word_1_21' title='bbox 1104 638 1132 678; x_wconf 92' lang='grc' dir='ltr'>ιι.</span> <span class='ocrx_word' id='word_1_22' title='bbox 1156 639 1181 684; x_wconf 91' lang='lat' dir='ltr'>c.</span> <span class='ocrx_word' id='word_1_23' title='bbox 1206 639 1273 682; x_wconf 90' lang='lat' dir='ltr'>con-</span> 
     </span>
     <span class='ocr_line' id='line_1_4' title="bbox 158 706 1273 781; baseline 0.004 -17"><span class='ocrx_word' id='word_1_24' title='bbox 158 707 259 764; x_wconf 89' lang='lat' dir='ltr'>sularis</span> <span class='ocrx_word' id='word_1_25' title='bbox 283 707 434 765; x_wconf 90' lang='lat' dir='ltr'>Saturnino</span> <span class='ocrx_word' id='word_1_26' title='bbox 459 709 487 765; x_wconf 92' lang='lat' dir='ltr'>et</span> <span class='ocrx_word' id='word_1_27' title='bbox 509 707 615 766; x_wconf 79' lang='lat' dir='ltr'>Uictori</span> <span class='ocrx_word' id='word_1_28' title='bbox 639 707 721 766; x_wconf 92' lang='lat' dir='ltr'>dixit:</span> <span class='ocrx_word' id='word_1_29' title='bbox 751 706 822 764; x_wconf 91' lang='lat' dir='ltr'>nihil</span> <span class='ocrx_word' id='word_1_30' title='bbox 845 707 880 764; x_wconf 92' lang='lat' dir='ltr'>de</span> <span class='ocrx_word' id='word_1_31' title='bbox 902 707 969 765; x_wconf 87' lang='lat' dir='ltr'>fano</span> <span class='ocrx_word' id='word_1_32' title='bbox 993 709 1106 781; x_wconf 81' lang='lat' dir='ltr'>Sarapis</span> <span class='ocrx_word' id='word_1_33' title='bbox 1130 709 1273 769; x_wconf 88' lang='lat' dir='ltr'>sublatum</span> 
     </span>
     <span class='ocr_line' id='line_1_5' title="bbox 158 795 1273 872; baseline 0.004 -19"><span class='ocrx_word' id='word_1_34' title='bbox 158 797 218 853; x_wconf 76' lang='lat' dir='ltr'>est?</span> <span class='ocrx_word' id='word_1_35' title='bbox 245 795 413 854; x_wconf 78' lang='lat' dir='ltr'>Saturninus</span> <span class='ocrx_word' id='word_1_36' title='bbox 437 797 465 853; x_wconf 92' lang='lat' dir='ltr'>et</span> <span class='ocrx_word' id='word_1_37' title='bbox 487 796 585 854; x_wconf 90' lang='lat' dir='ltr'>Uictor</span> <span class='ocrx_word' id='word_1_38' title='bbox 607 795 750 854; x_wconf 91' lang='lat' dir='ltr'>dixerunt:</span> <span class='ocrx_word' id='word_1_39' title='bbox 777 795 934 867; x_wconf 90' lang='lat' dir='ltr'>Purpurius</span> <span class='ocrx_word' id='word_1_40' title='bbox 960 795 1026 854; x_wconf 89' lang='lat' dir='ltr'>tulit</span> <span class='ocrx_word' id='word_1_41' title='bbox 1053 814 1140 872; x_wconf 90' lang='lat' dir='ltr'>cupas</span> <span class='ocrx_word' id='word_1_42' title='bbox 1168 801 1197 856; x_wconf 90' lang='lat' dir='ltr'>ot</span> <span class='ocrx_word' id='word_1_43' title='bbox 1219 800 1273 858; x_wconf 89' lang='lat' dir='ltr'>Sil·</span> 
     </span>
     <span class='ocr_line' id='line_1_6' title="bbox 128 883 1272 958; baseline 0.004 -17"><span class='ocrx_word' id='word_1_44' title='bbox 128 893 248 942; x_wconf 83' lang='lat' dir='ltr'>⁵uauus</span> <span class='ocrx_word' id='word_1_45' title='bbox 280 884 430 958; x_wconf 88' lang='lat' dir='ltr'>episcopus</span> <span class='ocrx_word' id='word_1_46' title='bbox 462 885 491 942; x_wconf 92' lang='lat' dir='ltr'>et</span> <span class='ocrx_word' id='word_1_47' title='bbox 516 884 640 946; x_wconf 88' lang='lat' dir='ltr'>Dontius</span> <span class='ocrx_word' id='word_1_48' title='bbox 667 887 695 943; x_wconf 89' lang='lat' dir='ltr'>et</span> <span class='ocrx_word' id='word_1_49' title='bbox 722 883 856 955; x_wconf 80' lang='lat' dir='ltr'>Superius</span> <span class='ocrx_word' id='word_1_50' title='bbox 887 884 1045 958; x_wconf 89' lang='lat' dir='ltr'>presbyteri</span> <span class='ocrx_word' id='word_1_51' title='bbox 1076 889 1105 944; x_wconf 93' lang='lat' dir='ltr'>et</span> <span class='ocrx_word' id='word_1_52' title='bbox 1130 887 1272 946; x_wconf 86' lang='lat' dir='ltr'>Lucienus</span> 
     </span>
     <span class='ocr_line' id='line_1_7' title="bbox 156 971 1334 1053; baseline 0.003 -23"><span class='ocrx_word' id='word_1_53' title='bbox 156 971 292 1030; x_wconf 86' lang='lat' dir='ltr'>diaconus</span> <span class='ocrx_word' id='word_1_54' title='bbox 310 972 437 1031; x_wconf 88' lang='lat' dir='ltr'>tulerunt</span> <span class='ocrx_word' id='word_1_55' title='bbox 454 975 574 1035; x_wconf 90' lang='lat' dir='ltr'>acetum.</span> <span class='ocrx_word' id='word_1_56' title='bbox 599 972 770 1046; x_wconf 91' lang='lat' dir='ltr'>zenophilus</span> <span class='ocrx_word' id='word_1_57' title='bbox 788 989 816 1030; x_wconf 94' lang='lat' dir='ltr'>u.</span> <span class='ocrx_word' id='word_1_58' title='bbox 831 989 856 1030; x_wconf 89' lang='lat' dir='ltr'>c.</span> <span class='ocrx_word' id='word_1_59' title='bbox 878 973 1035 1032; x_wconf 88' lang='lat' dir='ltr'>consularis</span> <span class='ocrx_word' id='word_1_60' title='bbox 1053 975 1136 1035; x_wconf 80' lang='lat' dir='ltr'>dixit:</span> <span class='ocrx_word' id='word_1_61' title='bbox 1156 993 1334 1053; x_wconf 31' lang='lat' dir='ltr'>respon-eeu,</span> 
     </span>
     <span class='ocr_line' id='line_1_8' title="bbox 154 1060 1273 1136; baseline 0.004 -18"><span class='ocrx_word' id='word_1_62' title='bbox 154 1060 235 1119; x_wconf 89' lang='lat' dir='ltr'>sione</span> <span class='ocrx_word' id='word_1_63' title='bbox 253 1061 374 1119; x_wconf 89' lang='lat' dir='ltr'>Uictoris</span> <span class='ocrx_word' id='word_1_64' title='bbox 398 1062 575 1134; x_wconf 85' lang='lat' dir='ltr'>grammatici</span> <span class='ocrx_word' id='word_1_65' title='bbox 599 1066 627 1120; x_wconf 93' lang='lat' dir='ltr'>et</span> <span class='ocrx_word' id='word_1_66' title='bbox 644 1061 766 1120; x_wconf 88' lang='lat' dir='ltr'>Uictoris</span> <span class='ocrx_word' id='word_1_67' title='bbox 786 1061 938 1119; x_wconf 86' lang='lat' dir='ltr'>Samsurici</span> <span class='ocrx_word' id='word_1_68' title='bbox 961 1063 989 1119; x_wconf 91' lang='lat' dir='ltr'>et</span> <span class='ocrx_word' id='word_1_69' title='bbox 1008 1063 1149 1121; x_wconf 87' lang='lat' dir='ltr'>Saturnini</span> <span class='ocrx_word' id='word_1_70' title='bbox 1172 1065 1273 1136; x_wconf 86' lang='lat' dir='ltr'>claruit</span> 
     </span>
     <span class='ocr_line' id='line_1_9' title="bbox 152 1149 1272 1226; baseline 0.004 -19"><span class='ocrx_word' id='word_1_71' title='bbox 152 1165 220 1207; x_wconf 90' lang='lat' dir='ltr'>uera</span> <span class='ocrx_word' id='word_1_72' title='bbox 253 1167 314 1208; x_wconf 91' lang='lat' dir='ltr'>esse</span> <span class='ocrx_word' id='word_1_73' title='bbox 347 1149 455 1220; x_wconf 90' lang='lat' dir='ltr'>omnia,</span> <span class='ocrx_word' id='word_1_74' title='bbox 493 1169 565 1225; x_wconf 87' lang='lat' dir='ltr'>quae</span> <span class='ocrx_word' id='word_1_75' title='bbox 595 1149 773 1226; x_wconf 78' lang='lat' dir='ltr'>suggesserit</span> <span class='ocrx_word' id='word_1_76' title='bbox 803 1149 1010 1209; x_wconf 87' lang='lat' dir='ltr'>Nundinarius.</span> <span class='ocrx_word' id='word_1_77' title='bbox 1051 1152 1272 1212; x_wconf 85' lang='lat' dir='ltr'>submoneantur</span> 
     </span>
     <span class='ocr_line' id='line_1_10' title="bbox 152 1239 313 1297; baseline 0 -1"><span class='ocrx_word' id='word_1_78' title='bbox 152 1239 181 1296; x_wconf 92' lang='lat' dir='ltr'>et</span> <span class='ocrx_word' id='word_1_79' title='bbox 203 1239 313 1297; x_wconf 83' lang='lat' dir='ltr'>exeant.</span> 
     </span>
    </p>

    <p class='ocr_par' dir='ltr' id='par_1_3' title="bbox 108 1326 1271 1747">
     <span class='ocr_line' id='line_1_11' title="bbox 108 1326 1271 1404; baseline 0.004 -20"><span class='ocrx_word' id='word_1_80' title='bbox 108 1336 133 1374; x_wconf 83' lang='lat'>1⁰</span> <span class='ocrx_word' id='word_1_81' title='bbox 195 1326 364 1400; x_wconf 77' lang='lat' dir='ltr'>zenophilus</span> <span class='ocrx_word' id='word_1_82' title='bbox 382 1344 410 1388; x_wconf 88' lang='lat' dir='ltr'>n.</span> <span class='ocrx_word' id='word_1_83' title='bbox 427 1344 451 1385; x_wconf 90' lang='lat' dir='ltr'>c.</span> <span class='ocrx_word' id='word_1_84' title='bbox 472 1328 629 1387; x_wconf 87' lang='lat' dir='ltr'>consularis</span> <span class='ocrx_word' id='word_1_85' title='bbox 649 1328 732 1386; x_wconf 83' lang='lat' dir='ltr'>dixit:</span> <span class='ocrx_word' id='word_1_86' title='bbox 753 1345 824 1400; x_wconf 89' lang='lat' dir='ltr'>quos</span> <span class='ocrx_word' id='word_1_87' title='bbox 843 1327 915 1386; x_wconf 89' lang='lat' dir='ltr'>elios</span> <span class='ocrx_word' id='word_1_88' title='bbox 933 1330 1017 1399; x_wconf 88' lang='lat' dir='ltr'>putas</span> <span class='ocrx_word' id='word_1_89' title='bbox 1035 1329 1271 1404; x_wconf 81' lang='lat' dir='ltr'>interrogandos?</span> 
     </span>
     <span class='ocr_line' id='line_1_12' title="bbox 149 1415 1270 1489; baseline 0.004 -18"><span class='ocrx_word' id='word_1_90' title='bbox 149 1415 346 1473; x_wconf 87' lang='lat' dir='ltr'>Nundinarius</span> <span class='ocrx_word' id='word_1_91' title='bbox 365 1415 449 1472; x_wconf 85' lang='lat' dir='ltr'>dixit:</span> <span class='ocrx_word' id='word_1_92' title='bbox 474 1417 588 1474; x_wconf 90' lang='lat' dir='ltr'>Castum</span> <span class='ocrx_word' id='word_1_93' title='bbox 613 1417 773 1485; x_wconf 89' lang='lat' dir='ltr'>diaconum,</span> <span class='ocrx_word' id='word_1_94' title='bbox 797 1417 829 1472; x_wconf 88' lang='lat' dir='ltr'>ut</span> <span class='ocrx_word' id='word_1_95' title='bbox 852 1415 936 1486; x_wconf 89' lang='lat' dir='ltr'>dicat,</span> <span class='ocrx_word' id='word_1_96' title='bbox 957 1415 981 1474; x_wconf 91' lang='lat' dir='ltr'>si</span> <span class='ocrx_word' id='word_1_97' title='bbox 998 1434 1056 1476; x_wconf 92' lang='lat' dir='ltr'>non</span> <span class='ocrx_word' id='word_1_98' title='bbox 1076 1422 1118 1476; x_wconf 87' lang='lat' dir='ltr'>est</span> <span class='ocrx_word' id='word_1_99' title='bbox 1137 1419 1270 1489; x_wconf 83' lang='lat' dir='ltr'>traditor3</span> 
     </span>
     <span class='ocr_line' id='line_1_13' title="bbox 149 1502 1271 1573; baseline 0.007 -15"><span class='ocrx_word' id='word_1_100' title='bbox 149 1502 212 1573; x_wconf 89' lang='lat' dir='ltr'>ipse</span> <span class='ocrx_word' id='word_1_101' title='bbox 234 1502 313 1560; x_wconf 89' lang='lat' dir='ltr'>illurn</span> <span class='ocrx_word' id='word_1_102' title='bbox 337 1502 489 1560; x_wconf 88' lang='lat' dir='ltr'>ordinauit.</span> <span class='ocrx_word' id='word_1_103' title='bbox 530 1506 557 1561; x_wconf 78' lang='lat' dir='ltr'>e&#39;t</span> <span class='ocrx_word' id='word_1_104' title='bbox 578 1503 694 1561; x_wconf 87' lang='lat' dir='ltr'>inducto</span> <span class='ocrx_word' id='word_1_105' title='bbox 721 1504 750 1558; x_wconf 87' lang='lat' dir='ltr'>et</span> <span class='ocrx_word' id='word_1_106' title='bbox 772 1502 906 1573; x_wconf 89' lang='lat' dir='ltr'>adphcito</span> <span class='ocrx_word' id='word_1_107' title='bbox 931 1504 1015 1563; x_wconf 92' lang='lat' dir='ltr'>Casto</span> <span class='ocrx_word' id='word_1_108' title='bbox 1039 1506 1158 1564; x_wconf 92' lang='lat' dir='ltr'>diacone</span> <span class='ocrx_word' id='word_1_109' title='bbox 1181 1508 1271 1566; x_wconf 90' lang='lat' dir='ltr'>Zeno·</span> 
     </span>
     <span class='ocr_line' id='line_1_14' title="bbox 149 1588 1268 1663; baseline 0.007 -19"><span class='ocrx_word' id='word_1_110' title='bbox 149 1588 245 1660; x_wconf 90' lang='lat' dir='ltr'>philus</span> <span class='ocrx_word' id='word_1_111' title='bbox 276 1606 305 1647; x_wconf 90' lang='grc' dir='ltr'>ιι.</span> <span class='ocrx_word' id='word_1_112' title='bbox 334 1605 358 1645; x_wconf 90' lang='lat' dir='ltr'>c.</span> <span class='ocrx_word' id='word_1_113' title='bbox 392 1589 550 1646; x_wconf 89' lang='lat' dir='ltr'>consularis</span> <span class='ocrx_word' id='word_1_114' title='bbox 583 1590 665 1646; x_wconf 83' lang='lat' dir='ltr'>dixit:</span> <span class='ocrx_word' id='word_1_115' title='bbox 709 1588 772 1660; x_wconf 90' lang='lat' dir='ltr'>quis</span> <span class='ocrx_word' id='word_1_116' title='bbox 799 1591 930 1648; x_wconf 82' lang='lat' dir='ltr'>uocaris?</span> <span class='ocrx_word' id='word_1_117' title='bbox 962 1593 1122 1663; x_wconf 89' lang='lat' dir='ltr'>respondit:</span> <span class='ocrx_word' id='word_1_118' title='bbox 1157 1594 1268 1652; x_wconf 88' lang='lat' dir='ltr'>Castus.</span> 
     </span>
     <span class='ocr_line' id='line_1_15' title="bbox 149 1674 1269 1747; baseline 0.004 -15"><span class='ocrx_word' id='word_1_119' title='bbox 149 1674 321 1747; x_wconf 90' lang='lat' dir='ltr'>zenophilus</span> <span class='ocrx_word' id='word_1_120' title='bbox 354 1691 382 1731; x_wconf 91' lang='lat' dir='ltr'>u.</span> <span class='ocrx_word' id='word_1_121' title='bbox 412 1691 436 1732; x_wconf 93' lang='lat' dir='ltr'>c.</span> <span class='ocrx_word' id='word_1_122' title='bbox 470 1675 627 1732; x_wconf 89' lang='lat' dir='ltr'>consularis</span> <span class='ocrx_word' id='word_1_123' title='bbox 660 1676 743 1733; x_wconf 90' lang='lat' dir='ltr'>Casto</span> <span class='ocrx_word' id='word_1_124' title='bbox 777 1674 860 1732; x_wconf 90' lang='lat' dir='ltr'>dixit:</span> <span class='ocrx_word' id='word_1_125' title='bbox 898 1677 977 1733; x_wconf 90' lang='lat' dir='ltr'>cuins</span> <span class='ocrx_word' id='word_1_126' title='bbox 1009 1678 1185 1735; x_wconf 90' lang='lat' dir='ltr'>condicionis</span> <span class='ocrx_word' id='word_1_127' title='bbox 1219 1680 1269 1736; x_wconf 74' lang='lat' dir='ltr'>es?</span> 
     </span>
    </p>

    <p class='ocr_par' dir='ltr' id='par_1_4' title="bbox 107 1761 1364 2188">
     <span class='ocr_line' id='line_1_16' title="bbox 107 1761 1269 1834; baseline 0.001 -14"><span class='ocrx_word' id='word_1_128' title='bbox 107 1775 131 1814; x_wconf 80' lang='lat'>1⁵</span> <span class='ocrx_word' id='word_1_129' title='bbox 150 1763 252 1820; x_wconf 77' lang='lat' dir='ltr'>Castus</span> <span class='ocrx_word' id='word_1_130' title='bbox 275 1761 359 1819; x_wconf 87' lang='lat' dir='ltr'>dixit:</span> <span class='ocrx_word' id='word_1_131' title='bbox 383 1761 489 1819; x_wconf 89' lang='lat' dir='ltr'>nnllam</span> <span class='ocrx_word' id='word_1_132' title='bbox 508 1761 676 1834; x_wconf 88' lang='lat' dir='ltr'>dignitatem</span> <span class='ocrx_word' id='word_1_133' title='bbox 693 1762 795 1820; x_wconf 88' lang='lat' dir='ltr'>habeo.</span> <span class='ocrx_word' id='word_1_134' title='bbox 819 1762 990 1834; x_wconf 88' lang='lat' dir='ltr'>Zenophilus</span> <span class='ocrx_word' id='word_1_135' title='bbox 1013 1781 1040 1819; x_wconf 90' lang='lat' dir='ltr'>n.</span> <span class='ocrx_word' id='word_1_136' title='bbox 1061 1779 1086 1821; x_wconf 88' lang='lat' dir='ltr'>c.</span> <span class='ocrx_word' id='word_1_137' title='bbox 1111 1764 1269 1822; x_wconf 90' lang='lat' dir='ltr'>consularis</span> 
     </span>
     <span class='ocr_line' id='line_1_17' title="bbox 150 1848 1268 1922; baseline 0.001 -14"><span class='ocrx_word' id='word_1_138' title='bbox 150 1851 234 1909; x_wconf 93' lang='lat' dir='ltr'>Casto</span> <span class='ocrx_word' id='word_1_139' title='bbox 263 1849 347 1907; x_wconf 90' lang='lat' dir='ltr'>dixit:</span> <span class='ocrx_word' id='word_1_140' title='bbox 379 1849 447 1907; x_wconf 93' lang='lat' dir='ltr'>licet</span> <span class='ocrx_word' id='word_1_141' title='bbox 472 1865 548 1906; x_wconf 90' lang='lat' dir='ltr'>nnnc</span> <span class='ocrx_word' id='word_1_142' title='bbox 575 1866 626 1922; x_wconf 91' lang='lat' dir='ltr'>per</span> <span class='ocrx_word' id='word_1_143' title='bbox 653 1848 795 1908; x_wconf 84' lang='lat' dir='ltr'>Uictorem</span> <span class='ocrx_word' id='word_1_144' title='bbox 826 1848 1041 1922; x_wconf 86' lang='lat' dir='ltr'>grammaticum</span> <span class='ocrx_word' id='word_1_145' title='bbox 1073 1867 1156 1922; x_wconf 90' lang='lat' dir='ltr'>quarn</span> <span class='ocrx_word' id='word_1_146' title='bbox 1184 1851 1268 1910; x_wconf 90' lang='lat' dir='ltr'>etiam</span> 
     </span>
     <span class='ocr_line' id='line_1_18' title="bbox 148 1935 1364 2011; baseline 0 -15"><span class='ocrx_word' id='word_1_147' title='bbox 148 1955 200 2011; x_wconf 92' lang='lat' dir='ltr'>per</span> <span class='ocrx_word' id='word_1_148' title='bbox 222 1938 364 1996; x_wconf 88' lang='lat' dir='ltr'>Uictorem</span> <span class='ocrx_word' id='word_1_149' title='bbox 387 1936 539 1995; x_wconf 73' lang='lat' dir='ltr'>samsurici</span> <span class='ocrx_word' id='word_1_150' title='bbox 567 1941 595 1995; x_wconf 91' lang='lat' dir='ltr'>et</span> <span class='ocrx_word' id='word_1_151' title='bbox 617 1936 798 1995; x_wconf 82' lang='lat' dir='ltr'>Saturninum</span> <span class='ocrx_word' id='word_1_152' title='bbox 825 1941 965 1994; x_wconf 89' lang='lat' dir='ltr'>uenerunt</span> <span class='ocrx_word' id='word_1_153' title='bbox 992 1937 1022 1993; x_wconf 94' lang='lat' dir='ltr'>iu</span> <span class='ocrx_word' id='word_1_154' title='bbox 1049 1935 1266 2009; x_wconf 88' lang='lat' dir='ltr'>confessionem,</span> <span class='ocrx_word' id='word_1_155' title='bbox 1363 1935 1364 1938; x_wconf 69' lang='grc'>’</span> 
     </span>
     <span class='ocr_line' id='line_1_19' title="bbox 149 2024 1269 2099; baseline -0.001 -14"><span class='ocrx_word' id='word_1_156' title='bbox 149 2044 221 2099; x_wconf 89' lang='lat' dir='ltr'>quae</span> <span class='ocrx_word' id='word_1_157' title='bbox 244 2025 439 2084; x_wconf 89' lang='lat' dir='ltr'>Nundinarius</span> <span class='ocrx_word' id='word_1_158' title='bbox 461 2025 557 2096; x_wconf 90' lang='lat' dir='ltr'>obicit,</span> <span class='ocrx_word' id='word_1_159' title='bbox 581 2027 677 2083; x_wconf 87' lang='lat' dir='ltr'>tamen</span> <span class='ocrx_word' id='word_1_160' title='bbox 701 2025 785 2087; x_wconf 82' lang='lat' dir='ltr'>etiem</span> <span class='ocrx_word' id='word_1_161' title='bbox 807 2027 838 2082; x_wconf 90' lang='lat' dir='ltr'>to</span> <span class='ocrx_word' id='word_1_162' title='bbox 862 2024 1005 2094; x_wconf 86' lang='lat' dir='ltr'>confitere,</span> <span class='ocrx_word' id='word_1_163' title='bbox 1029 2028 1121 2082; x_wconf 88' lang='lat' dir='ltr'>utrum</span> <span class='ocrx_word' id='word_1_164' title='bbox 1148 2026 1269 2086; x_wconf 90' lang='lat' dir='ltr'>traditor</span> 
     </span>
     <span class='ocr_line' id='line_1_20' title="bbox 148 2113 1268 2188; baseline -0.002 -14"><span class='ocrx_word' id='word_1_165' title='bbox 148 2115 186 2174; x_wconf 94' lang='lat' dir='ltr'>sit</span> <span class='ocrx_word' id='word_1_166' title='bbox 208 2114 351 2174; x_wconf 84' lang='lat' dir='ltr'>Siluanus.</span> <span class='ocrx_word' id='word_1_167' title='bbox 389 2115 490 2173; x_wconf 88' lang='lat' dir='ltr'>Castus</span> <span class='ocrx_word' id='word_1_168' title='bbox 513 2115 673 2187; x_wconf 89' lang='lat' dir='ltr'>respondit:</span> <span class='ocrx_word' id='word_1_169' title='bbox 703 2114 824 2184; x_wconf 88' lang='lat' dir='ltr'>dicebat,</span> <span class='ocrx_word' id='word_1_170' title='bbox 854 2113 929 2188; x_wconf 88' lang='lat' dir='ltr'>quod</span> <span class='ocrx_word' id='word_1_171' title='bbox 955 2113 1098 2171; x_wconf 89' lang='lat' dir='ltr'>inuenerit</span> <span class='ocrx_word' id='word_1_172' title='bbox 1123 2113 1268 2172; x_wconf 89' lang='lat' dir='ltr'>lucernam</span> 
     </span>
    </p>

    <p class='ocr_par' dir='ltr' id='par_1_5' title="bbox 104 2201 1267 2631">
     <span class='ocr_line' id='line_1_21' title="bbox 104 2201 1267 2277; baseline -0.002 -14"><span class='ocrx_word' id='word_1_173' title='bbox 104 2216 129 2255; x_wconf 82' lang='lat'>20</span> <span class='ocrx_word' id='word_1_174' title='bbox 146 2207 214 2277; x_wconf 88' lang='lat' dir='ltr'>post</span> <span class='ocrx_word' id='word_1_175' title='bbox 246 2220 350 2262; x_wconf 86' lang='lat' dir='ltr'>orcam.</span> <span class='ocrx_word' id='word_1_176' title='bbox 387 2202 558 2276; x_wconf 87' lang='lat' dir='ltr'>zenophilus</span> <span class='ocrx_word' id='word_1_177' title='bbox 590 2220 618 2261; x_wconf 89' lang='lat' dir='ltr'>u.</span> <span class='ocrx_word' id='word_1_178' title='bbox 647 2220 672 2261; x_wconf 89' lang='lat' dir='ltr'>c.</span> <span class='ocrx_word' id='word_1_179' title='bbox 706 2201 862 2262; x_wconf 88' lang='lat' dir='ltr'>consularis</span> <span class='ocrx_word' id='word_1_180' title='bbox 890 2202 974 2261; x_wconf 89' lang='lat' dir='ltr'>Casto</span> <span class='ocrx_word' id='word_1_181' title='bbox 1003 2202 1087 2264; x_wconf 82' lang='lat' dir='ltr'>dixit:</span> <span class='ocrx_word' id='word_1_182' title='bbox 1121 2202 1204 2259; x_wconf 90' lang='lat' dir='ltr'>etiam</span> <span class='ocrx_word' id='word_1_183' title='bbox 1233 2204 1267 2261; x_wconf 93' lang='lat' dir='ltr'>de</span> 
     </span>
     <span class='ocr_line' id='line_1_22' title="bbox 147 2289 1266 2366; baseline -0.002 -15"><span class='ocrx_word' id='word_1_184' title='bbox 147 2309 234 2366; x_wconf 88' lang='lat' dir='ltr'>cupas</span> <span class='ocrx_word' id='word_1_185' title='bbox 253 2294 288 2350; x_wconf 92' lang='lat' dir='ltr'>de</span> <span class='ocrx_word' id='word_1_186' title='bbox 306 2292 373 2350; x_wconf 86' lang='lat' dir='ltr'>fauo</span> <span class='ocrx_word' id='word_1_187' title='bbox 393 2291 507 2365; x_wconf 83' lang='lat' dir='ltr'>Sarapis</span> <span class='ocrx_word' id='word_1_188' title='bbox 526 2292 653 2350; x_wconf 87' lang='lat' dir='ltr'>sublatas</span> <span class='ocrx_word' id='word_1_189' title='bbox 672 2294 701 2350; x_wconf 90' lang='lat' dir='ltr'>et</span> <span class='ocrx_word' id='word_1_190' title='bbox 718 2294 798 2350; x_wconf 88' lang='lat' dir='ltr'>aceto</span> <span class='ocrx_word' id='word_1_191' title='bbox 818 2289 962 2349; x_wconf 89' lang='lat' dir='ltr'>confitere.</span> <span class='ocrx_word' id='word_1_192' title='bbox 987 2291 1088 2349; x_wconf 80' lang='lat' dir='ltr'>Castus</span> <span class='ocrx_word' id='word_1_193' title='bbox 1106 2291 1266 2363; x_wconf 89' lang='lat' dir='ltr'>rospondit:</span> 
     </span>
     <span class='ocr_line' id='line_1_23' title="bbox 145 2379 1265 2454; baseline -0.003 -15"><span class='ocrx_word' id='word_1_194' title='bbox 145 2381 301 2454; x_wconf 90' lang='lat' dir='ltr'>Purpurius</span> <span class='ocrx_word' id='word_1_195' title='bbox 325 2381 475 2454; x_wconf 86' lang='lat' dir='ltr'>episcopus</span> <span class='ocrx_word' id='word_1_196' title='bbox 498 2381 564 2439; x_wconf 90' lang='lat' dir='ltr'>tulit</span> <span class='ocrx_word' id='word_1_197' title='bbox 587 2397 684 2453; x_wconf 88' lang='lat' dir='ltr'>cupas.</span> <span class='ocrx_word' id='word_1_198' title='bbox 709 2379 878 2452; x_wconf 90' lang='lat' dir='ltr'>zenophilus</span> <span class='ocrx_word' id='word_1_199' title='bbox 900 2396 928 2438; x_wconf 92' lang='lat' dir='ltr'>u.</span> <span class='ocrx_word' id='word_1_200' title='bbox 954 2396 977 2436; x_wconf 90' lang='lat' dir='ltr'>c.</span> <span class='ocrx_word' id='word_1_201' title='bbox 1003 2379 1158 2437; x_wconf 90' lang='lat' dir='ltr'>consularis</span> <span class='ocrx_word' id='word_1_202' title='bbox 1181 2379 1265 2437; x_wconf 91' lang='lat' dir='ltr'>dixit:</span> 
     </span>
     <span class='ocr_line' id='line_1_24' title="bbox 146 2467 1266 2550; baseline -0.002 -23"><span class='ocrx_word' id='word_1_203' title='bbox 146 2471 256 2527; x_wconf 89' lang='lat' dir='ltr'>acetum</span> <span class='ocrx_word' id='word_1_204' title='bbox 280 2469 362 2542; x_wconf 80' lang='lat' dir='ltr'>quis?</span> <span class='ocrx_word' id='word_1_205' title='bbox 385 2469 533 2543; x_wconf 92' lang='lat' dir='ltr'>respondit</span> <span class='ocrx_word' id='word_1_206' title='bbox 551 2470 666 2550; x_wconf 86' lang='lat' dir='ltr'>Castus,¹</span> <span class='ocrx_word' id='word_1_207' title='bbox 682 2469 758 2542; x_wconf 88' lang='lat' dir='ltr'>quod</span> <span class='ocrx_word' id='word_1_208' title='bbox 776 2467 903 2526; x_wconf 87' lang='lat' dir='ltr'>tulemut</span> <span class='ocrx_word' id='word_1_209' title='bbox 920 2467 987 2525; x_wconf 93' lang='lat' dir='ltr'>iude</span> <span class='ocrx_word' id='word_1_210' title='bbox 1006 2470 1116 2525; x_wconf 90' lang='lat' dir='ltr'>acetum</span> <span class='ocrx_word' id='word_1_211' title='bbox 1135 2467 1266 2525; x_wconf 85' lang='lat' dir='ltr'>Siluanus</span> 
     </span>
     <span class='ocr_line' id='line_1_25' title="bbox 147 2555 1266 2631; baseline -0.001 -17"><span class='ocrx_word' id='word_1_212' title='bbox 147 2557 306 2630; x_wconf 92' lang='lat' dir='ltr'>episcopus,</span> <span class='ocrx_word' id='word_1_213' title='bbox 330 2558 452 2616; x_wconf 89' lang='lat' dir='ltr'>Dontius</span> <span class='ocrx_word' id='word_1_214' title='bbox 475 2560 503 2616; x_wconf 92' lang='lat' dir='ltr'>et</span> <span class='ocrx_word' id='word_1_215' title='bbox 525 2557 660 2631; x_wconf 83' lang='lat' dir='ltr'>Superius</span> <span class='ocrx_word' id='word_1_216' title='bbox 687 2556 855 2631; x_wconf 88' lang='lat' dir='ltr'>presbyteri.</span> <span class='ocrx_word' id='word_1_217' title='bbox 893 2555 1063 2629; x_wconf 89' lang='lat' dir='ltr'>zenophilus</span> <span class='ocrx_word' id='word_1_218' title='bbox 1091 2573 1117 2614; x_wconf 90' lang='grc' dir='ltr'>ιι.</span> <span class='ocrx_word' id='word_1_219' title='bbox 1144 2573 1168 2613; x_wconf 92' lang='lat' dir='ltr'>c.</span> <span class='ocrx_word' id='word_1_220' title='bbox 1198 2572 1266 2613; x_wconf 90' lang='lat' dir='ltr'>con·</span> 
     </span>
    </p>

    <p class='ocr_par' dir='ltr' id='par_1_6' title="bbox 103 2643 1268 3068">
     <span class='ocr_line' id='line_1_26' title="bbox 103 2643 1268 2721; baseline 0.002 -23"><span class='ocrx_word' id='word_1_221' title='bbox 103 2643 250 2702; x_wconf 74' lang='lat' dir='ltr'>exsularis</span> <span class='ocrx_word' id='word_1_222' title='bbox 269 2645 353 2702; x_wconf 88' lang='lat' dir='ltr'>Casto</span> <span class='ocrx_word' id='word_1_223' title='bbox 373 2646 456 2703; x_wconf 89' lang='lat' dir='ltr'>dixit:</span> <span class='ocrx_word' id='word_1_224' title='bbox 481 2646 624 2717; x_wconf 86' lang='lat' dir='ltr'>confitere,</span> <span class='ocrx_word' id='word_1_225' title='bbox 650 2649 720 2721; x_wconf 89' lang='lat' dir='ltr'>quot</span> <span class='ocrx_word' id='word_1_226' title='bbox 741 2646 825 2705; x_wconf 86' lang='lat' dir='ltr'>folles</span> <span class='ocrx_word' id='word_1_227' title='bbox 849 2644 928 2703; x_wconf 88' lang='lat' dir='ltr'>dedit</span> <span class='ocrx_word' id='word_1_228' title='bbox 945 2644 1051 2714; x_wconf 90' lang='lat' dir='ltr'>Uictor,</span> <span class='ocrx_word' id='word_1_229' title='bbox 1071 2647 1103 2702; x_wconf 90' lang='lat' dir='ltr'>ut</span> <span class='ocrx_word' id='word_1_230' title='bbox 1120 2644 1268 2717; x_wconf 86' lang='lat' dir='ltr'>presbyter</span> 
     </span>
     <span class='ocr_line' id='line_1_27' title="bbox 146 2730 1264 2807; baseline -0.001 -19"><span class='ocrx_word' id='word_1_231' title='bbox 146 2730 235 2789; x_wconf 86' lang='lat' dir='ltr'>lieret.</span> <span class='ocrx_word' id='word_1_232' title='bbox 260 2732 361 2788; x_wconf 87' lang='lat' dir='ltr'>Castus</span> <span class='ocrx_word' id='word_1_233' title='bbox 384 2732 467 2793; x_wconf 90' lang='lat' dir='ltr'>dixit:</span> <span class='ocrx_word' id='word_1_234' title='bbox 496 2733 608 2807; x_wconf 85' lang='lat' dir='ltr'>optulit,</span> <span class='ocrx_word' id='word_1_235' title='bbox 632 2734 755 2805; x_wconf 88' lang='lat' dir='ltr'>domine,</span> <span class='ocrx_word' id='word_1_236' title='bbox 784 2732 946 2802; x_wconf 88' lang='lat' dir='ltr'>sacceUum,</span> <span class='ocrx_word' id='word_1_237' title='bbox 975 2736 1003 2791; x_wconf 94' lang='lat' dir='ltr'>et</span> <span class='ocrx_word' id='word_1_238' title='bbox 1030 2733 1097 2806; x_wconf 90' lang='lat' dir='ltr'>quid</span> <span class='ocrx_word' id='word_1_239' title='bbox 1123 2730 1264 2801; x_wconf 89' lang='lat' dir='ltr'>hahuerit,</span> 
     </span>
     <span class='ocr_line' id='line_1_28' title="bbox 144 2818 1266 2890; baseline -0.001 -14"><span class='ocrx_word' id='word_1_240' title='bbox 144 2818 251 2878; x_wconf 83' lang='lat' dir='ltr'>nescio.</span> <span class='ocrx_word' id='word_1_241' title='bbox 288 2818 457 2890; x_wconf 76' lang='lat' dir='ltr'>zenophilus</span> <span class='ocrx_word' id='word_1_242' title='bbox 484 2837 512 2877; x_wconf 90' lang='lat' dir='ltr'>u.</span> <span class='ocrx_word' id='word_1_243' title='bbox 542 2837 566 2878; x_wconf 92' lang='lat' dir='ltr'>c.</span> <span class='ocrx_word' id='word_1_244' title='bbox 595 2819 755 2878; x_wconf 88' lang='lat' dir='ltr'>consularis</span> <span class='ocrx_word' id='word_1_245' title='bbox 783 2822 867 2879; x_wconf 88' lang='lat' dir='ltr'>Casto</span> <span class='ocrx_word' id='word_1_246' title='bbox 900 2820 983 2877; x_wconf 86' lang='lat' dir='ltr'>dixit:</span> <span class='ocrx_word' id='word_1_247' title='bbox 1017 2819 1063 2878; x_wconf 90' lang='lat' dir='ltr'>cui</span> <span class='ocrx_word' id='word_1_248' title='bbox 1095 2820 1190 2876; x_wconf 89' lang='lat' dir='ltr'>datum</span> <span class='ocrx_word' id='word_1_249' title='bbox 1222 2820 1266 2876; x_wconf 89' lang='lat' dir='ltr'>est</span> 
     </span>
     <span class='ocr_line' id='line_1_29' title="bbox 145 2903 1265 2976; baseline -0.004 -10"><span class='ocrx_word' id='word_1_250' title='bbox 145 2907 316 2966; x_wconf 83' lang='lat' dir='ltr'>saccellum?</span> <span class='ocrx_word' id='word_1_251' title='bbox 339 2905 440 2964; x_wconf 78' lang='lat' dir='ltr'>Castus</span> <span class='ocrx_word' id='word_1_252' title='bbox 463 2906 546 2963; x_wconf 89' lang='lat' dir='ltr'>dixit:</span> <span class='ocrx_word' id='word_1_253' title='bbox 569 2907 618 2963; x_wconf 91' lang='lat' dir='ltr'>illo</span> <span class='ocrx_word' id='word_1_254' title='bbox 640 2903 707 2961; x_wconf 87' lang='lat' dir='ltr'>tulit</span> <span class='ocrx_word' id='word_1_255' title='bbox 729 2922 792 2964; x_wconf 92' lang='lat' dir='ltr'>eum</span> <span class='ocrx_word' id='word_1_256' title='bbox 814 2909 843 2965; x_wconf 91' lang='lat' dir='ltr'>in</span> <span class='ocrx_word' id='word_1_257' title='bbox 867 2925 934 2965; x_wconf 88' lang='lat' dir='ltr'>casa</span> <span class='ocrx_word' id='word_1_258' title='bbox 955 2908 1069 2966; x_wconf 90' lang='lat' dir='ltr'>maiore.</span> <span class='ocrx_word' id='word_1_259' title='bbox 1094 2904 1265 2976; x_wconf 90' lang='lat' dir='ltr'>Zenophilus</span> 
     </span>
     <span class='ocr_line' id='line_1_30' title="bbox 144 2992 1265 3068; baseline -0.004 -13"><span class='ocrx_word' id='word_1_260' title='bbox 144 3014 172 3056; x_wconf 92' lang='lat' dir='ltr'>u.</span> <span class='ocrx_word' id='word_1_261' title='bbox 193 3013 217 3055; x_wconf 93' lang='lat' dir='ltr'>c.</span> <span class='ocrx_word' id='word_1_262' title='bbox 242 2993 401 3054; x_wconf 89' lang='lat' dir='ltr'>consularis</span> <span class='ocrx_word' id='word_1_263' title='bbox 420 2993 503 3052; x_wconf 89' lang='lat' dir='ltr'>Casto</span> <span class='ocrx_word' id='word_1_264' title='bbox 523 2993 606 3050; x_wconf 87' lang='lat' dir='ltr'>dixit:</span> <span class='ocrx_word' id='word_1_265' title='bbox 630 2992 735 3065; x_wconf 86' lang='lat' dir='ltr'>populo</span> <span class='ocrx_word' id='word_1_266' title='bbox 754 3009 812 3051; x_wconf 87' lang='lat' dir='ltr'>non</span> <span class='ocrx_word' id='word_1_267' title='bbox 831 2996 874 3052; x_wconf 82' lang='lat' dir='ltr'>est</span> <span class='ocrx_word' id='word_1_268' title='bbox 892 2994 987 3053; x_wconf 88' lang='lat' dir='ltr'>diuisa</span> <span class='ocrx_word' id='word_1_269' title='bbox 1004 2993 1144 3068; x_wconf 84' lang='lat' dir='ltr'>pecunia?</span> <span class='ocrx_word' id='word_1_270' title='bbox 1163 2992 1265 3050; x_wconf 89' lang='lat' dir='ltr'>Castus</span> 
     </span>
    </p>

    <p class='ocr_par' dir='ltr' id='par_1_7' title="bbox 101 3080 1348 3509">
     <span class='ocr_line' id='line_1_31' title="bbox 101 3080 1348 3158; baseline 0.002 -21"><span class='ocrx_word' id='word_1_271' title='bbox 101 3097 127 3137; x_wconf 80' lang='lat' dir='ltr'>so</span> <span class='ocrx_word' id='word_1_272' title='bbox 142 3083 306 3158; x_wconf 84' lang='lat' dir='ltr'>respoudit:</span> <span class='ocrx_word' id='word_1_273' title='bbox 339 3098 396 3141; x_wconf 91' lang='lat' dir='ltr'>non</span> <span class='ocrx_word' id='word_1_274' title='bbox 429 3083 472 3140; x_wconf 90' lang='lat' dir='ltr'>est</span> <span class='ocrx_word' id='word_1_275' title='bbox 504 3081 570 3139; x_wconf 86' lang='lat' dir='ltr'>date</span> <span class='ocrx_word' id='word_1_276' title='bbox 592 3096 654 3137; x_wconf 50' lang='lat' dir='ltr'>¹nec</span> <span class='ocrx_word' id='word_1_277' title='bbox 684 3080 753 3138; x_wconf 92' lang='lat' dir='ltr'>uidi.</span> <span class='ocrx_word' id='word_1_278' title='bbox 791 3081 960 3156; x_wconf 89' lang='lat' dir='ltr'>Zenophilus</span> <span class='ocrx_word' id='word_1_279' title='bbox 991 3101 1019 3140; x_wconf 87' lang='lat' dir='ltr'>u.</span> <span class='ocrx_word' id='word_1_280' title='bbox 1049 3098 1073 3139; x_wconf 93' lang='lat' dir='ltr'>c.</span> <span class='ocrx_word' id='word_1_281' title='bbox 1107 3080 1264 3140; x_wconf 90' lang='lat' dir='ltr'>consularis</span> <span class='ocrx_word' id='word_1_282' title='bbox 1346 3114 1348 3119; x_wconf 59' lang='lat'>&lt;</span> 
     </span>
     <span class='ocr_line' id='line_1_32' title="bbox 145 3168 1264 3246; baseline -0.004 -16"><span class='ocrx_word' id='word_1_283' title='bbox 145 3173 228 3233; x_wconf 88' lang='lat' dir='ltr'>Casto</span> <span class='ocrx_word' id='word_1_284' title='bbox 251 3170 333 3231; x_wconf 89' lang='lat' dir='ltr'>dixit:</span> <span class='ocrx_word' id='word_1_285' title='bbox 358 3172 393 3229; x_wconf 92' lang='lat' dir='ltr'>de</span> <span class='ocrx_word' id='word_1_286' title='bbox 414 3169 506 3240; x_wconf 86' lang='lat' dir='ltr'>folles,</span> <span class='ocrx_word' id='word_1_287' title='bbox 531 3185 602 3243; x_wconf 88' lang='lat' dir='ltr'>quos</span> <span class='ocrx_word' id='word_1_288' title='bbox 628 3169 739 3226; x_wconf 84' lang='lat' dir='ltr'>Lucilla</span> <span class='ocrx_word' id='word_1_289' title='bbox 761 3169 849 3239; x_wconf 88' lang='lat' dir='ltr'>dedit,</span> <span class='ocrx_word' id='word_1_290' title='bbox 880 3171 1003 3243; x_wconf 88' lang='lat' dir='ltr'>populus</span> <span class='ocrx_word' id='word_1_291' title='bbox 1035 3169 1161 3226; x_wconf 90' lang='lat' dir='ltr'>minutus</span> <span class='ocrx_word' id='word_1_292' title='bbox 1193 3168 1264 3246; x_wconf 89' lang='lat' dir='ltr'>nihil</span> 
     </span>
     <span class='ocr_line' id='line_1_33' title="bbox 143 3255 1262 3339; baseline -0.002 -20"><span class='ocrx_word' id='word_1_293' title='bbox 143 3261 272 3339; x_wconf 79' lang='lat' dir='ltr'>accepit?</span> <span class='ocrx_word' id='word_1_294' title='bbox 295 3261 396 3319; x_wconf 88' lang='lat' dir='ltr'>Castus</span> <span class='ocrx_word' id='word_1_295' title='bbox 416 3257 499 3318; x_wconf 88' lang='lat' dir='ltr'>dixit:</span> <span class='ocrx_word' id='word_1_296' title='bbox 522 3274 581 3316; x_wconf 93' lang='lat' dir='ltr'>non</span> <span class='ocrx_word' id='word_1_297' title='bbox 599 3255 659 3314; x_wconf 92' lang='lat' dir='ltr'>uidi</span> <span class='ocrx_word' id='word_1_298' title='bbox 677 3259 805 3329; x_wconf 90' lang='lat' dir='ltr'>accipere</span> <span class='ocrx_word' id='word_1_299' title='bbox 824 3259 974 3318; x_wconf 87' lang='lat' dir='ltr'>neminem.</span> <span class='ocrx_word' id='word_1_300' title='bbox 998 3256 1170 3329; x_wconf 90' lang='lat' dir='ltr'>zenophilus</span> <span class='ocrx_word' id='word_1_301' title='bbox 1187 3275 1216 3316; x_wconf 89' lang='lat' dir='ltr'>n.</span> <span class='ocrx_word' id='word_1_302' title='bbox 1237 3274 1262 3317; x_wconf 93' lang='lat' dir='ltr'>c.</span> 
     </span>
     <span class='ocr_line' id='line_1_34' title="bbox 143 3341 1263 3421; baseline -0.001 -15"><span class='ocrx_word' id='word_1_303' title='bbox 143 3341 300 3408; x_wconf 87' lang='lat' dir='ltr'>consularis</span> <span class='ocrx_word' id='word_1_304' title='bbox 320 3349 403 3407; x_wconf 84' lang='lat' dir='ltr'>Casto</span> <span class='ocrx_word' id='word_1_305' title='bbox 423 3346 507 3405; x_wconf 89' lang='lat' dir='ltr'>dixit:</span> <span class='ocrx_word' id='word_1_306' title='bbox 532 3363 587 3421; x_wconf 87' lang='lat' dir='ltr'>quo</span> <span class='ocrx_word' id='word_1_307' title='bbox 608 3363 673 3420; x_wconf 92' lang='lat' dir='ltr'>ergo</span> <span class='ocrx_word' id='word_1_308' title='bbox 692 3347 902 3418; x_wconf 80' lang='lat' dir='ltr'>peruenerunt?</span> <span class='ocrx_word' id='word_1_309' title='bbox 926 3346 1027 3405; x_wconf 90' lang='lat' dir='ltr'>Castus</span> <span class='ocrx_word' id='word_1_310' title='bbox 1047 3344 1130 3402; x_wconf 93' lang='lat' dir='ltr'>dixit:</span> <span class='ocrx_word' id='word_1_311' title='bbox 1154 3345 1263 3406; x_wconf 88' lang='lat' dir='ltr'>nescio.</span> 
     </span>
     <span class='ocr_line' id='line_1_35' title="bbox 142 3431 1319 3509; baseline 0 -16"><span class='ocrx_word' id='word_1_312' title='bbox 142 3436 339 3495; x_wconf 83' lang='lat' dir='ltr'>Nundinarius</span> <span class='ocrx_word' id='word_1_313' title='bbox 367 3436 451 3494; x_wconf 90' lang='lat' dir='ltr'>dixit:</span> <span class='ocrx_word' id='word_1_314' title='bbox 483 3435 581 3509; x_wconf 85' lang='lat' dir='ltr'>ntique</span> <span class='ocrx_word' id='word_1_315' title='bbox 608 3434 654 3493; x_wconf 89' lang='lat' dir='ltr'>uel</span> <span class='ocrx_word' id='word_1_316' title='bbox 681 3433 786 3491; x_wconf 89' lang='lat' dir='ltr'>audisti</span> <span class='ocrx_word' id='word_1_317' title='bbox 813 3431 860 3490; x_wconf 90' lang='lat' dir='ltr'>uel</span> <span class='ocrx_word' id='word_1_318' title='bbox 887 3433 994 3503; x_wconf 87' lang='lat' dir='ltr'>uidisti,</span> <span class='ocrx_word' id='word_1_319' title='bbox 1025 3433 1050 3490; x_wconf 91' lang='lat' dir='ltr'>si</span> <span class='ocrx_word' id='word_1_320' title='bbox 1082 3433 1187 3492; x_wconf 91' lang='lat' dir='ltr'>dictum</span> <span class='ocrx_word' id='word_1_321' title='bbox 1220 3436 1319 3498; x_wconf 70' lang='lat' dir='ltr'>ester.</span> 
     </span>
    </p>

    <p class='ocr_par' dir='ltr' id='par_1_8' title="bbox 52 3518 1265 3599">
     <span class='ocr_line' id='line_1_36' title="bbox 52 3518 1265 3599; baseline 0.002 -22"><span class='ocrx_word' id='word_1_322' title='bbox 52 3596 54 3599; x_wconf 22' lang='grc' dir='ltr'>Ι</span> <span class='ocrx_word' id='word_1_323' title='bbox 99 3537 125 3577; x_wconf 79' lang='lat' dir='ltr'>as</span> <span class='ocrx_word' id='word_1_324' title='bbox 142 3525 330 3598; x_wconf 88' lang='lat' dir='ltr'>pauperihus:</span> <span class='ocrx_word' id='word_1_325' title='bbox 359 3525 409 3583; x_wconf 94' lang='lat' dir='ltr'>dat</span> <span class='ocrx_word' id='word_1_326' title='bbox 436 3525 464 3583; x_wconf 90' lang='lat' dir='ltr'>et</span> <span class='ocrx_word' id='word_1_327' title='bbox 490 3523 573 3582; x_wconf 88' lang='lat' dir='ltr'>uobis</span> <span class='ocrx_word' id='word_1_328' title='bbox 601 3523 636 3581; x_wconf 90' lang='lat' dir='ltr'>de</span> <span class='ocrx_word' id='word_1_329' title='bbox 663 3540 692 3581; x_wconf 94' lang='lat' dir='ltr'>re</span> <span class='ocrx_word' id='word_1_330' title='bbox 720 3539 773 3580; x_wconf 90' lang='lat' dir='ltr'>sua</span> <span class='ocrx_word' id='word_1_331' title='bbox 799 3520 927 3579; x_wconf 77' lang='lat' dir='ltr'>Luina?</span> <span class='ocrx_word' id='word_1_332' title='bbox 960 3518 1061 3580; x_wconf 90' lang='lat' dir='ltr'>Castus</span> <span class='ocrx_word' id='word_1_333' title='bbox 1089 3522 1172 3580; x_wconf 90' lang='lat' dir='ltr'>dixit:</span> <span class='ocrx_word' id='word_1_334' title='bbox 1206 3540 1265 3581; x_wconf 89' lang='lat' dir='ltr'>non</span> 
     </span>
    </p>

    <p class='ocr_par' dir='ltr' id='par_1_9' title="bbox 142 3609 1265 3687">
     <span class='ocr_line' id='line_1_37' title="bbox 142 3609 1265 3687; baseline -0.002 -17"><span class='ocrx_word' id='word_1_335' title='bbox 142 3611 203 3670; x_wconf 90' lang='lat' dir='ltr'>nidi</span> <span class='ocrx_word' id='word_1_336' title='bbox 221 3612 347 3687; x_wconf 79' lang='lat' dir='ltr'>aliquem</span> <span class='ocrx_word' id='word_1_337' title='bbox 371 3614 509 3685; x_wconf 88' lang='lat' dir='ltr'>accipere.</span> <span class='ocrx_word' id='word_1_338' title='bbox 534 3611 703 3684; x_wconf 88' lang='lat' dir='ltr'>Zenophilus</span> <span class='ocrx_word' id='word_1_339' title='bbox 726 3629 755 3668; x_wconf 81' lang='grc' dir='ltr'>ιι.</span> <span class='ocrx_word' id='word_1_340' title='bbox 775 3627 800 3668; x_wconf 89' lang='lat' dir='ltr'>o.</span> <span class='ocrx_word' id='word_1_341' title='bbox 823 3609 980 3668; x_wconf 88' lang='lat' dir='ltr'>consularis</span> <span class='ocrx_word' id='word_1_342' title='bbox 1004 3609 1087 3672; x_wconf 88' lang='lat' dir='ltr'>dixit:</span> <span class='ocrx_word' id='word_1_343' title='bbox 1111 3611 1265 3670; x_wconf 85' lang='lat' dir='ltr'>manifesta</span> 
     </span>
    </p>
   </div>
   <div class='ocr_carea' id='block_1_3' title="bbox 141 3843 1465 4271">
    <p class='ocr_par' dir='ltr' id='par_1_10' title="bbox 141 3843 1465 4271">
     <span class='ocr_line' id='line_1_38' title="bbox 177 3843 1255 3917; baseline -0.007 -15"><span class='ocrx_word' id='word_1_344' title='bbox 177 3851 194 3902; x_wconf 83' lang='lat'>5</span> <span class='ocrx_word' id='word_1_345' title='bbox 220 3846 348 3917; x_wconf 75' lang='lat' dir='ltr'>¹Dontins]</span> <span class='ocrx_word' id='word_1_346' title='bbox 383 3850 505 3903; x_wconf 89' lang='lat' dir='ltr'>Donatus</span> <span class='ocrx_word' id='word_1_347' title='bbox 540 3848 644 3916; x_wconf 80' lang='lat' dir='ltr'>0(er</span> <span class='ocrx_word' id='word_1_348' title='bbox 675 3847 723 3915; x_wconf 81' lang='lat' dir='ltr'>cfr.</span> <span class='ocrx_word' id='word_1_349' title='bbox 746 3865 776 3916; x_wconf 81' lang='lat' dir='ltr'>p.</span> <span class='ocrx_word' id='word_1_350' title='bbox 805 3848 864 3911; x_wconf 87' lang='grc'>191,</span> <span class='ocrx_word' id='word_1_351' title='bbox 895 3849 939 3913; x_wconf 88' lang='grc'>15;</span> <span class='ocrx_word' id='word_1_352' title='bbox 968 3847 1026 3911; x_wconf 86' lang='grc'>193,</span> <span class='ocrx_word' id='word_1_353' title='bbox 1054 3847 1105 3910; x_wconf 83' lang='grc'>37;</span> <span class='ocrx_word' id='word_1_354' title='bbox 1133 3845 1191 3908; x_wconf 85' lang='grc'>195,</span> <span class='ocrx_word' id='word_1_355' title='bbox 1220 3843 1255 3895; x_wconf 78' lang='lat'>24</span> 
     </span>
     <span class='ocr_line' id='line_1_39' title="bbox 141 3913 1465 3989; baseline -0.009 -13"><span class='ocrx_word' id='word_1_356' title='bbox 141 3923 158 3976; x_wconf 87' lang='grc'><strong>6</strong></span> <span class='ocrx_word' id='word_1_357' title='bbox 186 3919 247 3973; x_wconf 90' lang='lat' dir='ltr'>zen.</span> <span class='ocrx_word' id='word_1_358' title='bbox 275 3918 389 3973; x_wconf 88' lang='lat' dir='ltr'>uicerius</span> <span class='ocrx_word' id='word_1_359' title='bbox 421 3920 493 3972; x_wconf 91' lang='lat' dir='ltr'>cosul</span> <span class='ocrx_word' id='word_1_360' title='bbox 524 3919 588 3986; x_wconf 77' lang='lat' dir='ltr'>(etc)</span> <span class='ocrx_word' id='word_1_361' title='bbox 620 3919 643 3973; x_wconf 89' lang='grc' dir='ltr'><em>Ο</em></span> <span class='ocrx_word' id='word_1_362' title='bbox 728 3919 744 3972; x_wconf 88' lang='lat'><em>8</em></span> <span class='ocrx_word' id='word_1_363' title='bbox 777 3920 912 3989; x_wconf 85' lang='lat' dir='ltr'>suggessit</span> <span class='ocrx_word' id='word_1_364' title='bbox 938 3919 997 3973; x_wconf 83' lang='lat' dir='ltr'>edd.</span> <span class='ocrx_word' id='word_1_365' title='bbox 1086 3918 1118 3970; x_wconf 91' lang='grc'>19</span> <span class='ocrx_word' id='word_1_366' title='bbox 1149 3913 1255 3967; x_wconf 85' lang='lat' dir='ltr'>dicebat</span> <span class='ocrx_word' id='word_1_367' title='bbox 1390 3922 1392 3926; x_wconf 85' lang='grc'><strong>’</strong></span> <span class='ocrx_word' id='word_1_368' title='bbox 1464 3949 1465 3953; x_wconf 35' lang='lat'>1</span> 
     </span>
     <span class='ocr_line' id='line_1_40' title="bbox 141 3987 1368 4053; baseline -0.009 -7"><span class='ocrx_word' id='word_1_369' title='bbox 141 3989 305 4046; x_wconf 87' lang='lat' dir='ltr'>dicebantC</span> <span class='ocrx_word' id='word_1_370' title='bbox 391 3989 425 4042; x_wconf 80' lang='lat'>20</span> <span class='ocrx_word' id='word_1_371' title='bbox 448 3989 514 4043; x_wconf 88' lang='lat' dir='ltr'>dixit</span> <span class='ocrx_word' id='word_1_372' title='bbox 537 3988 626 4044; x_wconf 57' lang='lat' dir='ltr'>Casto,</span> <span class='ocrx_word' id='word_1_373' title='bbox 642 3989 709 4051; x_wconf 76' lang='lat' dir='ltr'>edd,</span> <span class='ocrx_word' id='word_1_374' title='bbox 734 3989 813 4044; x_wconf 88' lang='lat' dir='ltr'>Casto</span> <span class='ocrx_word' id='word_1_375' title='bbox 832 4006 881 4045; x_wconf 88' lang='lat' dir='ltr'>om.</span> <span class='ocrx_word' id='word_1_376' title='bbox 899 3989 930 4043; x_wconf 90' lang='lat' dir='ltr'><em>D</em></span> <span class='ocrx_word' id='word_1_377' title='bbox 1016 3989 1048 4042; x_wconf 83' lang='lat'>21</span> <span class='ocrx_word' id='word_1_378' title='bbox 1074 3987 1106 4041; x_wconf 89' lang='lat' dir='ltr'>de</span> <span class='ocrx_word' id='word_1_379' title='bbox 1131 4000 1263 4053; x_wconf 83' lang='lat' dir='ltr'>cupas...</span> <span class='ocrx_word' id='word_1_380' title='bbox 1367 3994 1368 3997; x_wconf 73' lang='grc'>’</span> 
     </span>
     <span class='ocr_line' id='line_1_41' title="bbox 141 4054 1264 4131; baseline -0.008 -16"><span class='ocrx_word' id='word_1_381' title='bbox 141 4062 259 4116; x_wconf 81' lang='lat' dir='ltr'>sublatas</span> <span class='ocrx_word' id='word_1_382' title='bbox 280 4058 329 4113; x_wconf 99' lang='grc' dir='ltr'>ΟΒ</span> <span class='ocrx_word' id='word_1_383' title='bbox 346 4059 408 4127; x_wconf 86' lang='lat' dir='ltr'>(cfr.</span> <span class='ocrx_word' id='word_1_384' title='bbox 435 4077 461 4113; x_wconf 80' lang='lat' dir='ltr'>u.</span> <span class='ocrx_word' id='word_1_385' title='bbox 490 4061 536 4128; x_wconf 87' lang='grc'>31)</span> <span class='ocrx_word' id='word_1_386' title='bbox 625 4060 660 4114; x_wconf 81' lang='grc'>25</span> <span class='ocrx_word' id='word_1_387' title='bbox 685 4059 802 4131; x_wconf 84' lang='lat' dir='ltr'>quodC</span> <span class='ocrx_word' id='word_1_388' title='bbox 883 4061 916 4114; x_wconf 83' lang='lat'>26</span> <span class='ocrx_word' id='word_1_389' title='bbox 944 4061 966 4114; x_wconf 82' lang='lat' dir='ltr'>dr</span> <span class='ocrx_word' id='word_1_390' title='bbox 994 4061 1028 4116; x_wconf 80' lang='lat'>28</span> <span class='ocrx_word' id='word_1_391' title='bbox 1060 4055 1184 4127; x_wconf 86' lang='lat' dir='ltr'>sacellum</span> <span class='ocrx_word' id='word_1_392' title='bbox 1216 4054 1264 4108; x_wconf 91' lang='grc' dir='ltr'>ΟΒ</span> 
     </span>
     <span class='ocr_line' id='line_1_42' title="bbox 142 4124 1260 4271; baseline -0.009 -84"><span class='ocrx_word' id='word_1_393' title='bbox 142 4131 176 4254; x_wconf 54' lang='lat'>{3</span> <span class='ocrx_word' id='word_1_394' title='bbox 202 4132 266 4271; x_wconf 42' lang='grc' dir='ltr'>ᾴῖι..</span> <span class='ocrx_word' id='word_1_395' title='bbox 282 4130 353 4255; x_wconf 53' lang='grc' dir='ltr'>Οὲεῒ.</span> <span class='ocrx_word' id='word_1_396' title='bbox 378 4130 454 4196; x_wconf 81' lang='lat' dir='ltr'>(add.</span> <span class='ocrx_word' id='word_1_397' title='bbox 478 4136 582 4199; x_wconf 71' lang='lat' dir='ltr'>eoam.</span> <span class='ocrx_word' id='word_1_398' title='bbox 605 4131 687 4201; x_wconf 71' lang='lat' dir='ltr'>cipe.)</span> <span class='ocrx_word' id='word_1_399' title='bbox 705 4130 742 4211; x_wconf 78' lang='grc' dir='ltr'><em>Ο</em></span> <span class='ocrx_word' id='word_1_400' title='bbox 810 4131 842 4185; x_wconf 85' lang='grc'>31</span> <span class='ocrx_word' id='word_1_401' title='bbox 867 4131 899 4185; x_wconf 90' lang='lat' dir='ltr'>de</span> <span class='ocrx_word' id='word_1_402' title='bbox 922 4130 999 4186; x_wconf 80' lang='lat' dir='ltr'>folles</span> <span class='ocrx_word' id='word_1_403' title='bbox 1021 4131 1069 4186; x_wconf 88' lang='grc' dir='ltr'>ΟΒ</span> <span class='ocrx_word' id='word_1_404' title='bbox 1088 4129 1149 4194; x_wconf 73' lang='lat' dir='ltr'>(cfr.</span> <span class='ocrx_word' id='word_1_405' title='bbox 1168 4141 1196 4178; x_wconf 82' lang='lat' dir='ltr'>u.</span> <span class='ocrx_word' id='word_1_406' title='bbox 1214 4124 1260 4193; x_wconf 78' lang='lat'>21)</span> 
     </span>
    </p>

    <p class='ocr_par' dir='ltr' id='par_1_11' title="bbox 194 4213 557 4256">
     <span class='ocr_line' id='line_1_43' title="bbox 194 4213 557 4256; baseline 0.003 -3"><span class='ocrx_word' id='word_1_407' title='bbox 194 4218 217 4255; x_wconf 82' lang='lat' dir='ltr'>er</span> <span class='ocrx_word' id='word_1_408' title='bbox 244 4218 283 4256; x_wconf 83' lang='lat' dir='ltr'>suc</span> <span class='ocrx_word' id='word_1_409' title='bbox 554 4213 557 4219; x_wconf 79' lang='grc'><em>’</em></span> 
     </span>
    </p>
   </div>
   <div class='ocr_carea' id='block_1_4' title="bbox 1172 4299 1226 4352">
    <p class='ocr_par' dir='ltr' id='par_1_12' title="bbox 1172 4299 1226 4352">
     <span class='ocr_line' id='line_1_44' title="bbox 1172 4299 1226 4352; baseline 0 0"><span class='ocrx_word' id='word_1_410' title='bbox 1172 4299 1226 4352; x_wconf 61' lang='lat' dir='ltr'>l‘h‘</span> 
     </span>
    </p>
   </div>
   <div class='ocr_carea' id='block_1_5' title="bbox 0 0 1526 4656">
    <p class='ocr_par' dir='ltr' id='par_1_13' title="bbox 0 0 1526 4656">
     <span class='ocr_line' id='line_1_45' title="bbox 0 0 1526 4656; baseline 0 4"><span class='ocrx_word' id='word_1_411' title='bbox 0 0 1526 4656; x_wconf 95' lang='lat' dir='ltr'> </span> 
     </span>
    </p>
   </div>
  </div>
 </body>
</html>
