3044 4656
605 299 721 353 Liber
746 298 902 362 tertius,
931 313 952 350 c.
981 298 1006 351 2.
1146 323 1148 326 >
1324 305 1363 370 71

194 576 196 582 .
242 496 406 561 rusalem
434 517 495 558 -ε
530 512 591 558 non
613 511 686 576 ergo
718 492 751 556 in
781 491 836 557 illo
868 495 975 556 monte
1007 488 1081 557 Sion
1112 490 1221 557 Esaias
1253 492 1366 574 aspicit

244 601 360 665 uallem
383 599 491 664 sedin
513 601 619 663 monte
643 600 762 675 sancto,
787 598 840 679 qui
863 600 913 662 est
935 591 1077 675 ecclesia,
1097 597 1152 679 qui
1169 616 1225 679 per
1242 617 1365 664 omnem

244 706 349 770 orbem
372 705 547 769 Romanum
570 706 665 786 caput
687 703 763 767 tulit
786 704 844 767 sub
867 706 934 768 toto
958 703 1055 781 caelo,
1078 703 1110 766 in
1134 722 1195 784 quo
1217 707 1323 769 monte
1347 723 1365 768 a

244 810 301 875 deo
322 814 409 893 patre
432 809 516 874 filius
540 808 590 873 dei
612 828 719 892 regem
742 827 776 873 se
804 807 1011 873 constitutum
1039 825 1108 872 esse
1135 809 1310 890 gratulatur
1331 811 1364 875 in

210 916 363 999 spsalmo
397 915 496 999 primo
536 914 662 979 dicens:
700 914 872 996 quoniam
908 933 1032 999 regem
1070 914 1274 981 constitnit
1308 935 1364 982 me

195 1057 196 1060 =
242 1040 351 1104 super
366 1021 453 1087 Sion
470 1023 632 1085 montem
652 1023 820 1084 sanctum
835 1038 950 1096 suum,
965 1018 1362 1101 utiqnesuperecclesiam‚

241 1126 330 1191 cuins
360 1145 413 1190 rer
445 1128 477 1191 et
509 1143 644 1208 sponsus
676 1128 709 1189 et
736 1128 831 1213 caput
857 1128 915 1203 ost,
942 1145 1004 1190 non
1032 1124 1064 1188 in
1090 1125 1146 1204 illo
1169 1129 1284 1205 monte,
1307 1126 1363 1192 nbi

237 1232 342 1297 nullae
366 1234 441 1297 sunt
462 1234 581 1314 portae,
605 1249 683 1314 quas
707 1232 818 1317 diligat
841 1232 928 1310 dens,
949 1231 1004 1297 sed
1021 1230 1054 1294 in
1071 1234 1177 1296 monte
1200 1231 1361 1312 ecclesiae,

237 1338 291 1420 qni
322 1337 506 1419 spiritaliter
529 1337 720 1420 appellatur.
754 1337 844 1403 cuius
881 1337 1031 1402 ecclesiae
1066 1341 1172 1418 portas
1204 1338 1363 1403 introeunt

195 1465 221 1504 ιο
235 1443 428 1520 innocentes,
455 1441 542 1519 iusti,
569 1438 794 1520 misericordes,
823 1443 1018 1508 continentes
1045 1446 1078 1506 et
1103 1443 1253 1528 uirgines,
1285 1461 1361 1526 quas

237 1551 343 1630 portas
375 1549 600 1610 commemorat
632 1548 760 1628 spiritns
793 1551 920 1612 sanctus
955 1567 1012 1629 per
1041 1548 1145 1615 Dauid
1175 1549 1207 1614 in
1238 1551 1360 1634 psalmo

237 1651 407 1728 LXXXVI,
454 1637 543 1713 dum
567 1650 661 1740 dicit:
698 1651 941 1717 fundamenta
978 1654 1060 1717 eius
1096 1653 1133 1716 in
1169 1654 1360 1719 montibus

239 1755 392 1832 sanctis,
421 1753 553 1836 diligit
580 1753 750 1819 dominus
777 1759 906 1836 portas
935 1754 1037 1833 Sion‚-
1059 1774 1121 1819 non
1142 1757 1230 1820 illins
1254 1775 1360 1838 corpo-

128 1941 131 1948 ἱ
237 1861 312 1925 ralis
343 1857 471 1935 montis,
502 1857 558 1921 ubi
587 1858 651 1920 iarn
683 1859 788 1922 nullae
821 1863 895 1924 sunt
920 1863 1028 1942 portae
1056 1863 1088 1923 et
1113 1862 1187 1941 post
1212 1860 1359 1924 uictorias

195 1985 217 2026 ns
237 1961 425 2046 Uespasiani
437 1961 633 2043 imperatoris
647 1961 700 2025 uin
715 1961 909 2043 antiquarum
925 1963 1031 2027 entant
1042 1963 1177 2047 uestigia
1189 1963 1359 2030 ruinarum.

237 2075 287 2135 est
309 2087 382 2153 ergo
406 2068 555 2150 spiritalis
579 2066 653 2132 Sion
677 2068 819 2144 ecclesia,
842 2069 960 2151 inqua
981 2069 1080 2138 audeo
1104 2072 1192 2150 patre
1214 2087 1266 2132 rex
1289 2087 1360 2133 con-

237 2177 368 2242 stitutus
392 2177 442 2238 est
465 2173 618 2250 Christus,
642 2192 722 2255 quae
746 2176 795 2238 ost
815 2173 847 2236 in
870 2175 938 2237 toto
962 2174 1035 2262 orbs
1057 2175 1219 2250 terrarum,
1241 2172 1273 2237 in
1298 2192 1359 2254 qno
1409 2223 1411 2229 s

196 2277 198 2280 ’
237 2285 286 2347 est
313 2300 375 2344 una
401 2279 535 2343 ecclesia
562 2279 725 2344 catholica.
753 2297 825 2343 nam
854 2277 929 2343 Sion
957 2264 1123 2343 ecclesiam
1151 2296 1220 2342 esse
1243 2278 1359 2343 etalio

236 2389 305 2453 loco
338 2384 555 2461 sanctissimus
586 2382 688 2447 Dauid
724 2384 878 2466 ‘propheta
913 2385 1048 2447 testatur
1084 2383 1210 2447 dicens:
1247 2384 1358 2447 lauda

193 2513 220 2552 so
238 2493 343 2557 deum
378 2494 491 2569 tunm,
529 2490 626 2568 Sion,
664 2489 726 2571 qui
762 2478 992 2552 confortauit
1029 2506 1130 2552 seras
1165 2491 1356 2571 portarum
1427 2541 1429 2545 .
1481 2483 1483 2488 ’

237 2602 392 2676 tuarum,
411 2597 603 2661 benedixit
619 2596 711 2660 filiis
730 2595 807 2659 tn'rs
826 2595 862 2658 in
880 2596 927 2660 te.
947 2612 1003 2676 per
1020 2593 1168 2677 singulas
1180 2581 1357 2674 prouincias

236 2703 335 2768 totius
359 2702 442 2767 orbis
465 2702 564 2765 ualles
589 2701 728 2783 singulas
750 2698 966 2781 intellegimus
989 2697 1116 2776 montis,
1140 2701 1173 2761 et
1200 2696 1273 2762 dum
1297 2721 1357 2767 non

324 2848 1217 2955 smaawmmmmsmmmmm

274 2998 334 3051 lin
356 2997 430 3050 illins
452 2995 551 3048 montis
568 2993 638 3049 RBo
727 2995 755 3046 et
776 2992 869 3047 Esaias
894 2993 992 3062 (ysaias
1015 2994 1053 3061 Β)
1075 2995 1130 3050 ΒΒ
1218 2998 1305 3052 2sed
1329 2999 1357 3052 in

236 3089 353 3140 montem
377 3086 448 3154 Syon
471 3083 554 3152 quio
632 3097 683 3150 que
704 3096 752 3150 par
775 3079 838 3134 orbe
862 3081 920 3151 (sic)
944 3098 1082 3152 romanum
1104 3083 1169 3137 tulit
1192 3090 1272 3154 capnt
1295 3088 1357 3153 (om.

237 3172 398 3242 omnem&
497 3172 591 3224 desse
610 3167 831 3223 constitutan
937 3169 1124 3238 gratulabatur
1140 3171 1176 3234 Β,
1195 3173 1358 3229 testatan

236 3263 295 3332 (cfr.
312 3260 436 3329 iadicem)
477 3261 492 3314 5
510 3258 612 3328 psalmo
631 3256 745 3311 secundo
761 3256 787 3311 G
805 3256 879 3328 (olim
891 3273 935 3325 ps.
951 3258 976 3311 I.
991 3263 1016 3311 ct
1029 3257 1072 3311 ΙΙ.
1090 3275 1175 3312 unum
1193 3261 1355 3330 crmdcmoue

234 3350 319 3418 sarcre
336 3349 442 3418 Duptn.
455 3347 586 3416 perhibet)
695 3344 830 3415 quoniam]
848 3345 899 3415 qu'o
917 3346 996 3400 modo
1016 3346 1042 3398 B
1112 3348 1129 3400 6
1148 3348 1236 3417 annm]
1254 3349 1310 3402 eius
1325 3348 1357 3402 G

236 3453 316 3507 super
332 3452 416 3491 omo
487 3437 502 3488 7
526 3450 637 3506 sponsus
660 3436 701 3488 est
720 3436 751 3487 et
775 3437 856 3502 capnt
875 3432 901 3487 G
971 3434 987 3488 8
1009 3434 1083 3488 nulle
1104 3435 1138 3498 G,
1156 3453 1210 3490 non
1228 3437 1305 3507 inille
1320 3438 1357 3500 Β,

237 3540 290 3577 non
309 3523 362 3576 ulle
379 3522 415 3586 B,
433 3540 486 3576 non
504 3522 567 3575 illae
584 3521 617 3575 ob
688 3520 778 3592 diligit
794 3520 827 3574 ob
880 3522 908 3575 in
926 3537 1004 3579 omo
1058 3523 1140 3592 9qni
1158 3524 1230 3593 Syon
1250 3525 1357 3594 spirita·

237 3596 367 3664 laterae
390 3611 422 3664 10
435 3627 500 3680 quas
514 3608 849 3679 porcas-permanan.
863 3608 934 3662 aaa
974 3609 1005 3662 11
1017 3610 1119 3680 psalmo
1132 3610 1251 3664 nrxxv
1260 3612 1356 3677 aava,

237 3698 399 3768 octogesimo
417 3701 491 3752 sexto
511 3686 538 3753 G
609 3697 758 3753 ramniu
776 3697 849 3750 illins
866 3696 895 3750 B
977 3697 1011 3751 15
1030 3698 1146 3752 existant
1166 3698 1200 3763 G,
1219 3702 1322 3753 rosano
1341 3701 1357 3754 b

237 3785 363 3856 uestigia]
381 3785 481 3840 indicia
497 3786 583 3841 RBob
648 3787 680 3840 17
698 3786 816 3858 χρήεὴιιε
835 3785 899 3852 (sic)
918 3785 945 3837 Β
1014 3785 1115 3854 inqua
1135 3786 1161 3839 G
1224 3787 1258 3841 18
1276 3804 1357 3841 unam

237 3873 374 3928 ecclesiam
399 3873 425 3927 G
514 3875 546 3927 19
568 3873 638 3927 idem
665 3873 848 3928 sanctissimus
873 3871 899 3926 G
1004 3873 1032 3926 in
1058 3874 1161 3943 psalmo
1188 3876 1305 3927 testatur
1331 3873 1357 3928 θ

236 3962 270 4015 20
289 3961 352 4030 qnia
372 3961 398 4015 G
450 3963 481 4015 21
498 3963 606 4016 tuarum
625 3978 675 4017 om.
694 3962 722 4015 Β
791 3961 860 4014 filios
878 3960 982 4015 tuosG
1052 3978 1099 4031 per
1117 3962 1357 4032 singulas-ualles

202 4065 286 4103 om.
304 4049 365 4105 aaa
384 4051 452 4117 (loco
470 4067 519 4120 per
538 4028 910 4119 Oasoub.‘tt'tos'.'praeterea)
981 4049 1015 4102 22
1034 4050 1187 4119 singuloso
1275 4050 1356 4103 intel-

158 4224 171 4232 ..
201 4212 203 4216 Α
226 4132 349 4232 ngnmus
370 4164 389 4230 (r
407 4180 427 4247 ε,
448 4164 465 4216 ι.
483 4180 517 4218 m.
536 4167 561 4230 1)
580 4164 607 4216 Β
