3044 4656
278 321 339 385 190
734 318 906 389 Appendix

274 514 345 574 nihil
366 532 420 574 uos
440 515 538 586 lateat,
562 517 636 575 unde
658 517 730 574 haec
751 514 891 575 dissensio
915 519 960 574 est
976 516 1051 575 inter
1069 517 1245 577 carissimum
1262 521 1390 577 nostrum

274 603 419 663 Siluanum
445 598 475 662 et
499 602 603 679 ipsum.
638 603 758 663 tradidit
788 604 863 662 enim
890 604 961 663 mihi
985 604 1124 677 libellum,
1151 605 1265 679 inquo
1298 607 1392 666 omnia

273 694 341 752 sunt
358 692 529 766 conscripta.
554 691 625 751 dixit
647 693 721 751 enim
744 694 773 751 et
793 709 847 752 uos
868 709 927 753 uon
943 693 1044 752 latere.
1068 709 1121 768 ego
1140 694 1210 766 scio,
1230 693 1298 769 quia
1315 687 1393 754 auris

273 797 331 841 non
353 782 407 839 est.
429 781 535 840 bonum
558 781 687 856 quaerite
708 780 873 852 remedium,
897 782 1038 855 quomodo
1058 781 1239 857 extinguatur
1256 784 1329 843 haec
1347 801 1394 843 res

273 869 335 929 sine
360 868 487 943 paritulo
516 869 625 927 animae
651 871 774 940 uestrae,
797 886 834 928 ne
856 869 962 942 subito,
986 887 1051 930 eum
1076 887 1228 946 personam
1251 871 1392 946 accipitis,
1423 882 1436 920 ὁ

272 958 302 1017 in
324 957 429 1017 indicio
447 957 583 1017 nemetis.
606 957 712 1017 iustum
733 957 870 1017 iudicium
887 958 963 1018 inter
979 961 1076 1035 partes
1092 958 1217 1019 iudicate
1235 961 1393 1019 secundnm

273 1047 443 1122 grauitatem
473 1047 599 1106 uestram
630 1048 659 1105 et
688 1045 836 1105 iustitiam.
875 1049 974 1106 caueto
1001 1047 1094 1118 uobis,
1122 1064 1159 1106 ne
1186 1047 1336 1107 declinetis
1362 1048 1393 1108 in

273 1137 417 1195 dexteram
438 1152 531 1210 neque
552 1134 583 1193 in
605 1135 762 1194 sinistram:
787 1133 834 1194 dei
855 1153 900 1194 res
922 1135 1026 1210 agitur,
1046 1135 1095 1210 qui
1117 1137 1260 1194 scrutatur
1281 1136 1392 1211 cogita·

272 1224 366 1284 tiones
388 1223 573 1297 singulorum.
594 1224 747 1294 elaborate,
769 1238 852 1282 nemo
874 1222 957 1294 sciet,
981 1239 1054 1297 quae
1076 1223 1114 1282 sit
1131 1223 1289 1283 coniumtio
1307 1225 1390 1282 haec.

273 1302 370 1372 uestra
391 1313 467 1383 sunt,
492 1328 564 1386 quae
586 1311 683 1371 libello
706 1311 896 1371 continentur.
933 1327 991 1372 non
1014 1313 1059 1370 est
1078 1307 1199 1382 bonnm3
1223 1311 1293 1370 dicit
1314 1312 1394 1394 enim
1406 1320 1431 1358 1⁰

274 1400 420 1484 deminus:
449 1417 494 1471 ex
520 1417 576 1462 ore
600 1398 662 1460 'tuo
690 1400 976 1468 condemnaberis
1004 1402 1038 1459 et
1065 1416 1103 1458 ex
1130 1416 1186 1459 ore
1208 1401 1266 1459 tuo
1290 1399 1389 1458 iusti-

272 1488 471 1549 fioeberis.“

315 1578 389 1636 Item
410 1576 469 1636 alia
489 1576 622 1637 recitata:
657 1577 791 1650 „Siluano
819 1576 902 1636 fratri
929 1577 1075 1637 carissimo
1097 1576 1193 1636 Fortis
1218 1577 1248 1636 in
1276 1575 1389 1637 domino

272 1667 417 1724 aeternam
439 1665 572 1725 salntem!
595 1665 676 1724 uenit
696 1665 733 1724 ed
755 1682 800 1724 me
822 1665 900 1730 iilius
920 1668 1019 1726 noster
1036 1664 1231 1725 Nundinarius
1254 1665 1392 1724 diaconus

273 1756 303 1812 et
316 1743 423 1815 fretnlit
445 1771 476 1812 oe
517 1771 589 1828 quae
611 1747 687 1813 inter
711 1756 741 1811 te
769 1757 798 1812 et
822 1753 904 1814 illum
931 1755 1105 1830 contigerint
1130 1756 1163 1813 ut
1188 1771 1240 1828 per
1266 1753 1435 1812 maliuoli15

271 1842 469 1914 intercessum,
506 1842 556 1916 qui
581 1843 645 1901 uult
670 1842 779 1901 animas
806 1841 946 1903 iustorum
973 1861 991 1902 a
1016 1843 1065 1902 uia
1090 1842 1222 1901 ueritatis
1253 1843 1392 1901 auertere.

273 1947 336 1991 cum
357 1930 430 1990 haec
453 1931 590 2003 audirem,
612 1934 709 1990 mente
731 1930 860 1991 defectus
882 1949 955 2004 sum,
978 1933 1054 2007 qnod
1075 1931 1143 1991 talis
1161 1930 1301 1990 dissensio
1318 1930 1394 1990 inter

272 2027 326 2079 uos
347 2018 437 2081 uenit.
462 2019 508 2078 dei
531 2019 607 2078 enim
629 2020 763 2078 sacerdos
786 2021 819 2078 nt
840 2020 878 2078 ed
899 2021 955 2080 hoc
976 2021 1076 2080 ueniat
1096 2038 1112 2066 ο
1132 2020 1208 2095 qnod
1229 2036 1288 2079 non
1309 2018 1393 2078 nobis

275 2107 415 2182 expediat,
439 2108 500 2181 [ne]
523 2108 583 2168 liat.
614 2125 692 2167 nunc
719 2125 786 2182 ergo
813 2107 906 2183 petite
933 2127 1006 2181 eum,
1034 2112 1075 2180 ut,
1103 2109 1180 2182 quod
1201 2109 1306 2183 potest,
1331 2124 1393 2167 cum

273 2196 337 2270 ipso
359 2213 416 2271 pax
438 2196 545 2255 domini
567 2196 719 2256 saluatoris
742 2196 849 2256 Christi
869 2196 917 2270 sit,
940 2215 998 2257 non
1021 2198 1057 2256 ed
1078 2195 1224 2270 publicum
1245 2195 1393 2254 ueniamus
1411 2200 1437 2238 ²⁰

274 2286 303 2344 et
325 2301 343 2342 a
362 2284 496 2359 gentibus
519 2285 694 2344 damnemur.
730 2285 869 2360 scriptum
892 2286 938 2344 est
958 2284 1047 2350 enim:
1074 2283 1205 2353 uidete,
1234 2300 1288 2354 ne,
1318 2285 1393 2352 dum

272 2372 439 2432 mordetis
467 2376 499 2432 ot
528 2366 720 2433 causamini
763 2374 927 2444 inuicem,
965 2373 1005 2432 ab
1037 2370 1184 2453 inuicem
1216 2386 1393 2432 consuma-

273 2459 367 2518 mini.
386 2478 472 2542 ‘ergo
502 2463 569 2537 peto
602 2462 757 2535 dominum,
788 2465 822 2521 ut
849 2458 968 2521 tollatur
998 2460 1032 2519 de
1062 2457 1157 2518 medio
1182 2461 1310 2519 nostrum
1337 2462 1393 2521 hoc

220 2548 448 2621 noscendalnm,
471 2551 505 2608 ut
524 2550 619 2624 possit
638 2568 686 2611 ree
709 2549 756 2610 dei
778 2567 840 2622 cum
866 2547 1021 2622 gratiarnm
1043 2546 1157 2606 actione
1179 2545 1319 2607 celebrari
1341 2549 1393 2608 do·

273 2637 350 2696 mino
370 2637 496 2697 dicente:
519 2655 638 2712 pacem
660 2654 764 2699 meam
788 2637 828 2695 do
846 2634 957 2705 uobis,
974 2650 1091 2708 pacem
1108 2651 1213 2693 meam
1231 2637 1392 2712 relinquo
1410 2637 1436 2678 ²⁵

218 2749 220 2751 ·
273 2726 384 2787 uobis.
422 2743 495 2801 quae
525 2745 582 2802 pax
612 2726 718 2803 poterit
748 2739 821 2794 esse,
852 2722 902 2782 ubi
933 2721 1075 2784 dissensio
1106 2724 1159 2794 est,
1187 2725 1392 2788 aemulationes

274 2817 360 2882 eunti
391 2833 457 2875 nam
488 2832 553 2874 cum
585 2831 638 2891 ego
670 2831 689 2873 a
717 2811 807 2871 milite
839 2827 931 2871 essem
958 2829 1036 2880 ass„
1059 2812 1209 2888 separatus
1231 2816 1260 2873 et
1285 2814 1316 2872 in
1340 2813 1390 2872 illo

272 2903 416 2964 uenissem
438 2903 624 2973 cumininria
639 2900 701 2973 teli,
721 2901 775 2960 deo
792 2900 981 2961 commendaui
999 2901 1123 2960 animam
1140 2917 1232 2960 meam
1251 2904 1281 2962 et
1296 2899 1390 2959 remisi

272 2992 336 3064 tibi
370 2991 437 3067 quie
463 2993 534 3051 deus
560 2991 641 3051 uidet
666 2991 777 3049 mentes
802 2988 949 3049 hominum
976 2992 1006 3048 et
1032 3007 1138 3061 eorum,
1165 2987 1227 3050 sine
1255 3008 1273 3048 e
1297 2990 1326 3046 te
1352 2988 1389 3046 ad

273 3081 338 3140 illos
364 3081 521 3155 perductus
547 3097 620 3140 sum.
656 3079 708 3138 sed
735 3079 806 3138 deus
830 3094 884 3138 nos
910 3078 1046 3138 fiberauit
1072 3081 1101 3138 et
1126 3080 1219 3137 tecum
1240 3075 1389 3136 seminus.
1407 3077 1434 3118 ³⁰
1498 3102 1506 3115 ·‹

275 3184 340 3241 ergo
364 3169 449 3228 sicuti
473 3167 620 3228 dimissum
637 3170 688 3227 ost
709 3166 804 3237 nobis,
831 3168 861 3224 et
886 3184 939 3226 uos
965 3163 1283 3240 reconciliaminipaci‚
1306 3165 1391 3223 utin

273 3256 386 3316 nomine
405 3256 511 3317 Christi
527 3257 671 3330 possimus
689 3272 753 3316 cum
770 3253 874 3330 gaudio
891 3272 992 3330 paoem
1010 3256 1162 3316 celebrare.
1183 3268 1266 3312 nemo
1284 3252 1388 3312 sciat.“

322 3344 487 3416 „Fratribus
510 3353 539 3403 et
560 3342 637 3418 liliis,
661 3345 737 3405 clero
761 3346 790 3403 et
811 3341 971 3403 senioribus
992 3343 1086 3404 Fortis
1107 3343 1138 3400 in
1156 3340 1273 3414 domino
1297 3345 1390 3402 aeter·

362 3528 394 3581 11
413 3516 508 3586 nien.
528 3530 571 3595 12,
589 3531 623 3584 es
676 3529 708 3583 21
729 3529 788 3586 oar.
806 3528 831 3589 o.
851 3526 884 3580 15
935 3526 1044 3582 251011.
1063 3525 1106 3589 14,
1124 3523 1158 3577 er

309 3632 465 3688 ilibellnm
483 3636 533 3703 (llil
550 3636 582 3690 s'n
598 3624 712 3702 scel&
797 3631 1115 3701 ascio]si1eoeooi.D
1201 3632 1392 3702 5persona0

275 3703 437 3773 tacuistis]
454 3706 539 3760 ruatis
556 3705 587 3760 D
640 3706 671 3761 11
690 3704 952 3760 condemnaucfiso
1003 3702 1035 3758 13
1048 3708 1113 3771 poet
1129 3701 1242 3756 recitata
1261 3704 1390 3759 treme

276 3776 327 3831 uto.
346 3777 508 3843 ct'ecqm'twr
524 3774 641 3831 inanit)
675 3775 708 3829 15
726 3776 894 3846 contigerunt
906 3775 963 3830 BD
1014 3774 1107 3827 utem.
1122 3771 1181 3827 cdd.
1195 3773 1225 3827 D
1261 3774 1293 3828 lo
1306 3775 1388 3828 inter·

223 3863 225 3867 ’
275 3845 388 3903 cessnO
422 3845 454 3898 17
472 3847 543 3900 inter
558 3844 647 3901 nosO
680 3843 825 3917 18neniat]
840 3843 1213 3904 metamucense
1249 3845 1389 3899 lineriaco

274 3935 328 3974 non
347 3915 502 3973 addendum
520 3917 638 3972 arbiter·
689 3932 752 3970 cum
766 3917 820 3972 eti
852 3917 914 3971 dO
946 3917 978 3972 21
998 3914 1213 3984 etegentibueG
1244 3915 1278 3968 22
1296 3930 1386 3968 censa·

275 3989 483 4044 miniinuucsm
496 3985 658 4056 (incaene
707 3986 742 4041 24
758 4003 822 4042 scen
867 3985 1000 4056 u(ee‘c)0
1048 3986 1082 4040 26
1096 3985 1225 4041 dissensio
1239 3986 1344 4038 etaem.
1357 3983 1406 4057 D».

276 4060 670 4125 criminosissimum.
686 4058 776 4123 citu)
787 4074 870 4136 seper.
886 4058 910 4112 0
925 4059 981 4126 (liic
990 4057 1064 4111 lones
1072 4058 1249 4126 perobscura
1260 4053 1388 4108 eudelane

276 4131 381 4187 cludere
397 4129 531 4200 oidctch
588 4127 622 4184 82
648 4130 749 4198 pacem]
766 4129 864 4252 {melia
876 4129 904 4182 B
923 4130 982 4197 (cfr.
995 4142 1026 4195 p.
1050 4129 1110 4192 191,
1130 4129 1176 4195 11)
1228 4141 1229 4144 ¹
1238 4129 1302 4193 poet
1321 4126 1387 4179 sciet

276 4201 395 4270 εοοοὶοοι
415 4203 433 4255 9
450 4202 502 4258 litt.
518 4205 545 4280 ft
560 4197 680 4268 coquinis
695 4197 770 4295 fratri
788 4212 820 4266 us
838 4198 860 4252 O
