3044 4656
293 269 324 321 X.
343 268 466 338 Epistula
484 267 653 322 Constantini
672 266 704 320 de
722 265 835 321 basilica
853 265 990 320 catholicis
1010 271 1108 338 erepta.
1195 274 1268 336 215¹

77 541 78 544 Ἴ
142 464 245 533 nendo,
270 464 340 521 deus
362 463 502 537 siquidem
526 482 555 523 se
580 465 703 523 omnium
725 463 867 522 uindicem
890 465 1030 538 promisit.
1055 467 1085 524 et
1107 465 1172 526 ideo
1196 483 1259 526 cum

142 551 269 609 uindicta
300 552 352 611 deo
382 552 564 626 permittitur,
594 552 687 611 acrius
713 552 749 610 de
775 551 898 610 inimicis
930 553 1101 627 supplicium
1129 555 1258 614 sumitur.

143 640 219 712 quod
240 656 293 698 uos
316 656 391 698 nunc
411 639 533 699 famulos
557 643 585 699 et
608 641 769 700 sacerdotes
793 639 838 698 dei
860 639 981 699 libenter
1007 641 1111 702 fecisse
1139 644 1260 718 coguoui

107 795 108 799 η
143 731 171 785 et
197 727 267 786 satis
294 729 453 801 gratulatus
480 745 552 798 sum,
581 730 658 803 quod
684 729 719 786 de
746 727 841 802 impiis
870 730 899 785 et
925 729 1079 801 sceleratis,
1112 732 1259 806 sacrilegis
1299 778 1301 783 ,

111 816 173 874 eet
201 815 338 888 profanis,
370 815 487 890 perfidis
515 819 543 875 et
569 815 748 890 inrelegiosis
776 819 804 874 et
830 816 883 874 deo
914 817 1035 891 ingratis
1067 821 1098 877 et
1123 820 1259 879 ecclesiae

141 903 263 982 inimicis
290 904 396 962 nullam
423 905 578 964 uindictam
605 905 725 979 poscitis
752 907 790 973 et,
818 906 850 962 ut
871 904 947 963 idem
969 907 1065 981 potius
1088 908 1125 966 ad
1147 908 1260 967 ueniam

141 993 311 1066 pertineant,
334 992 497 1067 postulatis.
536 993 592 1052 hoc
620 995 664 1052 est
689 1010 754 1052 uere
782 1009 815 1050 ae
841 993 955 1071 penitus
983 995 1064 1053 deum
1088 1012 1181 1067 nosse,
1205 997 1260 1055 boc

141 1081 185 1138 est
214 1074 375 1155 praeceptis
406 1081 547 1152 insistere,
579 1082 634 1140 hoc
666 1084 710 1140 est
738 1080 859 1139 feliciter
890 1075 1014 1152 credere,
1042 1081 1097 1143 hoc
1125 1087 1260 1145 estuare

140 1168 254 1238 sentire,
278 1169 333 1227 hoc
357 1171 400 1228 est
422 1169 503 1240 scire,
529 1170 606 1244 quod
632 1171 717 1229 maior
739 1169 867 1227 uindicta
889 1169 918 1227 in
943 1172 1101 1231 contrarios
1125 1172 1261 1231 ecclesiae

96 1270 121 1309 ιο
140 1259 318 1331 prouocatur,
344 1274 407 1316 cum
429 1257 539 1317 hisdem
562 1257 594 1316 iu
616 1258 731 1317 saeculo
755 1257 890 1331 parcitur.

184 1347 310 1418 Accepta
336 1345 424 1419 igitur
452 1347 574 1420 epistola
601 1346 758 1421 sapientiae
785 1347 813 1404 et
839 1345 988 1420 grauitatis
1011 1350 1123 1407 uestrae
1147 1348 1262 1422 conperi

139 1432 300 1494 haereticos
332 1434 393 1491 siue
425 1434 622 1493 schismaticos
654 1453 716 1493 eam
747 1433 895 1492 basilicam
927 1435 1063 1494 ecclesiae
1095 1436 1285 1506 catholicae,

142 1536 231 1593 quam,
248 1520 278 1578 in
303 1521 491 1581 Constantina
514 1522 629 1580 ciuitate
653 1522 788 1579 iusseram
811 1520 953 1593 fabricari,
982 1524 1067 1582 solita
1087 1524 1262 1599 inprobitate

140 1605 332 1665 inuadendum
358 1609 474 1680 putasse
502 1611 537 1666 et
556 1609 719 1682 frequenter
745 1611 802 1665 tam
830 1610 952 1668 anobis
976 1628 1060 1683 quam
1083 1629 1100 1668 a
1121 1612 1262 1670 iudicibus

97 1709 124 1750 1o
141 1695 248 1752 uostris
271 1711 304 1753 ex
325 1697 425 1752 nostra
446 1695 572 1753 iussione
595 1696 782 1753 commonitos
806 1697 834 1752 et
855 1696 982 1765 reddere,
1003 1697 1078 1769 quod
1101 1714 1182 1755 suum
1204 1714 1262 1755 nou

142 1784 212 1851 erat,
240 1780 377 1851 noluisse,
405 1797 458 1839 uos
485 1784 580 1839 umen
605 1780 763 1840 imitatores
790 1782 945 1855 patientiae
974 1783 1019 1839 dei
1041 1782 1143 1840 summi
1166 1799 1262 1841 eorum

141 1869 266 1928 malitiae
289 1868 403 1942 placida
425 1872 519 1927 mente
542 1887 584 1938 ea,
609 1886 681 1942 puae
699 1873 796 1928 uestra
813 1874 888 1938 sunt,
908 1869 1102 1942 relinquentes
1121 1872 1149 1928 et
1166 1869 1272 1944 potius

140 1957 234 2016 locum
257 1956 339 2015 uobis
361 1955 484 2015 inuicem
507 1956 602 2025 alium,
626 1956 752 2016 fiscalem
775 1956 893 2023 scilicet,
916 1974 1044 2030 poscere.
1082 1974 1166 2030 quam
1187 1957 1262 2031 peti·
1302 1991 1303 1994 =

141 2045 248 2104 tionem
279 2061 357 2104 more
388 2044 514 2103 instituti
545 2045 608 2103 mei¹
630 2045 753 2104 libenter
784 2044 928 2123 amplexus
959 2062 1021 2103 sum
1049 2047 1078 2104 et
1103 2045 1199 2104 statim
1226 2046 1263 2103 ad

97 2149 123 2188 ae
141 2133 307 2194 rationalem
332 2135 516 2208 conpetentes
537 2133 648 2192 litteras
671 2133 745 2203 dedi,
765 2136 797 2191 ut
812 2133 928 2191 domum
945 2134 1084 2192 bonorum
1101 2135 1263 2193 nostrerum

49 2229 51 2234 ’
142 2221 304 2297 transgredi
326 2221 414 2281 faciat
437 2239 500 2280 cum
523 2221 600 2280 omui
621 2222 682 2281 iure
704 2239 755 2280 suo
779 2222 815 2280 ad
839 2221 993 2280 dominium
1011 2221 1147 2281 ecclesiae
1166 2221 1262 2280 catho-

94 2360 96 2363 ,
142 2311 224 2381 licae,
257 2327 341 2393 quam
370 2313 485 2385 promta
514 2309 685 2369 liberalitate
717 2309 821 2369 donaui
849 2326 882 2368 ac
913 2309 996 2368 uobis
1027 2309 1102 2368 tradi
1132 2309 1262 2383 protinus

142 2399 222 2459 iussi.
257 2398 289 2458 in
317 2415 372 2472 quo
400 2401 496 2457 tamen
521 2399 584 2457 loco
608 2401 723 2473 sumptu
744 2397 834 2457 fiscali
856 2397 1004 2457 basilicam
1027 2397 1098 2474 erigi
1120 2395 1261 2472 praecepi,

143 2489 179 2546 ad
198 2487 375 2551 consularem
393 2504 506 2561 quoque
524 2487 611 2546 scribi
628 2486 763 2545 maudaui
780 2485 940 2549 Numidiae.
960 2489 992 2544 ut
1008 2485 1070 2561 ipse
1088 2486 1119 2544 in
1137 2484 1263 2544 eiusdem

99 2575 279 2634 aeecclesiae
307 2574 549 2635 fabricationem
575 2575 705 2635 omnibus
736 2573 951 2634 sanctimoniam
981 2577 1104 2633 uestram
1135 2574 1305 2640 iuuaretss.

143 2661 266 2720 lectores
294 2663 378 2721 etiam
398 2664 542 2723 ¹ecclesiae
569 2663 727 2723 catholicae
749 2666 778 2723 et
798 2663 1019 2738 hypodiacones,
1044 2662 1169 2737 reliquos
1192 2676 1263 2733 que·

145 2765 209 2823 que.
221 2749 457 2822 <qui>instinctu
475 2754 693 2811 memoratorum
711 2752 879 2825 quibusdam
893 2768 944 2824 pro
958 2751 1084 2810 moribus
1098 2751 1135 2808 ad
1147 2764 1265 2806 munera

143 2836 190 2895 uel
217 2837 254 2894 ad
281 2836 495 2895 decurionatum
522 2838 617 2896 uocati
648 2841 723 2902 suut,
755 2838 834 2898 iuxta
859 2841 996 2898 statutum
1022 2838 1094 2912 legis
1121 2852 1200 2894 meae
1227 2836 1264 2895 ad

143 2926 252 2983 nullum
274 2940 377 2982 munus
395 2924 482 2981 statui
501 2924 676 2989 edocentem
699 2923 750 2980 sed
773 2928 802 2982 et
823 2943 882 2996 eos,
906 2924 954 2999 qui
977 2925 1054 2984 ducti
1076 2926 1144 2981 sunt
1164 2922 1264 2981 haere·

100 3030 126 3071 so
144 3015 265 3073 ticorum
291 3011 438 3081 instinctu,
467 3011 601 3070 iussimus
627 3009 758 3082 protinus
784 3014 912 3072 molestis
937 3010 1187 3086 perfunctionibus
1213 3009 1263 3069 ab·

145 3103 227 3161 solui.
262 3102 296 3160 de
320 3103 413 3159 cotom
437 3099 520 3157 etiam
542 3100 635 3172 legem
656 3115 747 3156 meam
769 3115 855 3173 super
876 3101 1085 3160 ecclesiasticos
1108 3097 1264 3157 catholicos

145 3191 240 3248 datam
263 3187 400 3250 custodiri
418 3186 560 3257 mandaui,
580 3203 651 3262 quae
668 3185 772 3256 omnia,
789 3188 854 3255 (ut)
868 3191 981 3248 uestrae
998 3186 1153 3263 patientiae
1169 3186 1263 3260 palam

144 3278 254 3349 fierent,
277 3279 377 3336 harum
399 3275 565 3334 litteramm*
579 3274 777 3334 testificatione
803 3275 963 3350 perscripta
991 3277 1066 3336 sunt
1104 3276 1133 3332 et
1154 3274 1263 3332 utinam

145 3366 258 3440 quidem
279 3365 416 3426 haeretici
437 3363 484 3423 uel
505 3363 679 3424 schismatici
701 3362 855 3438 aliquando
883 3380 952 3423 suae
974 3362 1060 3423 saluti
1081 3362 1264 3436 prouiderunt

102 3468 128 3510 ae
147 3457 175 3513 et
197 3454 317 3513 detersis
341 3471 437 3513 eorum
459 3452 586 3512 tenebris
605 3453 641 3511 ad
658 3451 796 3511 uisionem
816 3467 900 3509 uerae
917 3451 989 3511 lucis
1007 3451 1105 3511 oculos
1122 3450 1265 3526 aperirent

148 3546 176 3601 et
206 3559 224 3600 a
256 3543 369 3601 diabolo
402 3543 569 3601 secederent
600 3543 629 3600 et
658 3542 695 3599 ad
727 3541 823 3609 deum,
857 3539 905 3613 qui
935 3545 1016 3598 uuu's‘
1036 3542 1064 3599 et
1088 3555 1186 3610 uerus,
1215 3540 1264 3614 qui

148 3628 271 3689 emnium
293 3630 378 3690 iudex
401 3632 454 3700 est,
477 3629 524 3688 uel
546 3642 609 3688 sero
632 3629 830 3702 confugerent!
863 3628 914 3686 sed
942 3627 1009 3701 quia
1031 3630 1142 3688 constat
1164 3645 1212 3688 eos
1234 3627 1263 3686 iu

148 3735 200 3778 sua
234 3717 343 3776 malitia
377 3735 491 3777 manere
518 3720 551 3776 et
581 3717 612 3776 iu
635 3717 701 3776 suis
731 3717 906 3777 facinoribus
936 3716 1008 3790 mori
1039 3716 1125 3788 uelle,
1157 3715 1265 3776 sufficit

182 3927 262 3997 4de]
280 3927 352 3981 etO
420 3928 528 3983 (inulla
546 3925 709 3982 uindictaO
779 3929 816 3982 12.
830 3926 1034 3982 scismaticosG
1104 3927 1136 3980 13
1154 3925 1182 3978 in
1201 3939 1262 3977 eon·

149 4000 293 4056 stantiuam
312 3999 487 4053 ciuitatemO
521 4000 553 4054 16
571 4000 672 4068 tamen]
690 4001 779 4052 autem
797 3998 856 4052 add.
893 3997 926 4050 25
945 3998 1119 4052 sanctimonia
1137 3993 1267 4049 uestraG'

150 4070 208 4136 (sed
224 4069 273 4138 cfr.
290 4068 486 4133 Ronanus.
504 4087 531 4134 p.
547 4070 590 4139 28)
644 4070 678 4123 27
693 4070 738 4138 qui
753 4068 850 4123 addidi
902 4069 946 4136 adl
961 4069 1030 4128 seo
1081 4067 1114 4122 28
1129 4065 1266 4120 statumO

151 4139 499 4196 aomolesuae..ads01ui0
544 4141 578 4195 32
587 4139 801 4210 mandauiqueO
850 4139 1021 4194 utaddedd.
1067 4134 1268 4207 35aperient0
