3044 4656
492 301 607 355 Liber
634 301 832 371 septimus,
859 316 881 353 o.
907 300 983 352 3-4.
1227 300 1288 364 173

171 493 291 568 Ρεῖεε,
310 493 507 572 autequam
526 493 649 576 gellus
668 493 801 568 cantet,
820 493 876 555 ter
892 509 946 560 me
964 491 1136 575 negabis
1149 491 1288 555 additum

173 600 221 662 est
248 597 333 661 aliud
361 598 400 661 ad
426 597 549 681 pondus
576 598 706 680 peccati,
737 596 926 680 promissum
958 595 1088 674 scilicet,
1120 595 1203 679 quod
1228 615 1291 660 non

174 705 239 766 erat
259 703 446 784 inpleturus.
482 707 594 786 postea
615 723 708 787 quam
729 703 761 767 iu
789 702 916 768 domum
940 699 1074 783 Caiphae
1102 702 1214 766 ductus
1242 704 1290 768 est

175 805 329 883 Christus,
353 807 392 872 ad
414 829 593 874 mensuram
620 809 728 874 delicti
754 807 959 890 conplendam
987 806 1024 871 de
1049 810 1136 872 tanto
1162 827 1289 874 numero

141 912 276 978 suullus
299 914 380 978 alius
402 914 611 999 interrogatur
632 917 753 998 praeter
773 914 902 978 beatum
924 913 1061 977 Petrum.
1080 913 1289 997 iuterrogatus

171 1018 269 1099 primo
283 1021 386 1102 negat,
400 1020 610 1104 interrogatus
628 1021 743 1087 iterum
760 1023 864 1102 nogat,
878 1018 971 1083 tertio
990 1017 1068 1082 dixit
1084 1038 1117 1083 se
1130 1018 1289 1085 Christum

172 1123 297 1188 omnino
319 1144 380 1190 nou
403 1145 510 1203 nosse;
540 1130 572 1191 et
594 1126 735 1192 cantauit
757 1125 870 1210 gallus,
893 1143 955 1188 non
977 1125 1014 1186 ut
1027 1127 1175 1206 tempore
1197 1127 1288 1188 cautu

171 1247 228 1293 suo
252 1230 469 1316 distingueret,
493 1233 548 1297 sed
566 1236 604 1297 ut
620 1251 768 1317 peccasse
787 1251 821 1297 ee
838 1232 950 1295 beatus
968 1229 1080 1294 Petrus
1099 1232 1290 1315 agnosceret.

170 1333 302 1417 denique
325 1337 427 1402 doluit
449 1354 552 1404 amare
575 1344 607 1404 et
628 1340 717 1405 fleuit
733 1340 879 1404 ubertim.
904 1355 975 1402 ecce
998 1339 1034 1400 ut
1056 1356 1150 1421 supra
1172 1337 1290 1401 dictum

127 1464 152 1503 ro
171 1442 229 1517 est,
253 1442 365 1506 ceteris
387 1462 449 1506 non
473 1444 715 1526 agnoscentibus
738 1443 826 1507 solus
850 1441 989 1524 agnouit,
1009 1443 1118 1508 ceteris
1139 1444 1201 1506 non
1222 1461 1290 1525 pro-

170 1544 369 1609 mittentibus
393 1548 479 1610 solus
502 1549 657 1628 promisit,
681 1548 793 1611 ceteris
821 1564 878 1609 nec
905 1546 1003 1611 semel
1029 1548 1216 1632 negantibus
1243 1551 1291 1612 ter

171 1649 257 1711 solus
276 1651 406 1731 negauit
429 1653 461 1714 et
482 1652 586 1714 temen
608 1652 690 1715 bono
711 1650 843 1713 unitatis
867 1648 904 1713 de
927 1670 1055 1716 numero
1078 1651 1289 1731 epostolomm

172 1753 309 1833 seperari
336 1771 396 1815 non
424 1753 548 1815 meruit.
588 1753 670 1817 unde
696 1753 892 1835 intellegitur
918 1752 1021 1815 omnia
1052 1751 1191 1816 ordinate
1221 1770 1289 1816 esse
1332 1829 1334 1834 ¹

171 1855 369 1938 prouidentia
392 1857 569 1934 saluatoris,
591 1861 628 1921 ut
649 1856 717 1939 ipse
741 1857 896 1939 acciperet
918 1857 1034 1922 claues.
1055 1855 1226 1920 interclusa
1243 1860 1292 1921 est

130 1986 154 2024 re
170 1959 310 2023 malitiae
328 1960 390 2037 uia,
411 1979 449 2024 ne
468 1961 603 2042 apostoli
622 1961 723 2026 auimo
742 1961 901 2026 licentiam
919 1959 1078 2024 iudicandi
1095 1959 1292 2041 conciperent

172 2068 205 2129 et
226 2084 333 2130 seuere
362 2069 595 2132 contemnerent
621 2085 703 2145 eum,
730 2067 785 2150 qui
810 2068 980 2151 negauerat
1002 2065 1170 2156 Christum.
1206 2067 1291 2131 stant

170 2173 219 2235 tot
240 2170 421 2235 innocentes
444 2174 477 2235 et
498 2175 642 2253 peccator
659 2171 774 2254 accipit
792 2172 907 2250 claues,
925 2174 964 2234 ut
980 2170 1110 2235 unitatis
1127 2171 1288 2253 negotium

170 2276 364 2341 formaretur.
401 2277 563 2359 prouisum
591 2280 649 2356 est,
677 2280 714 2341 ut
739 2280 885 2369 peccator
907 2277 1041 2359 aperiret
1060 2275 1287 2354 innocentibus,

170 2399 207 2445 ne
229 2381 411 2446 innocentes
435 2382 615 2447 clauderent
637 2385 746 2447 contra
761 2391 940 2466 peccatores
959 2386 1000 2460 et,
1019 2400 1097 2464 quae
1115 2381 1289 2446 necessaria

122 2515 149 2553 20
169 2491 217 2550 est
239 2486 355 2563 unitas,
376 2505 446 2551 esse
469 2507 530 2552 non
553 2490 671 2570 posset.
694 2488 772 2552 haec
793 2488 821 2553 si
844 2487 1128 2553 commemoraretis
1151 2505 1287 2551 commu-

168 2593 270 2656 nicare
303 2594 479 2675 cupientes,
513 2593 635 2676 quaudo
666 2613 725 2659 uos
759 2594 914 2659 catholica
943 2593 994 2677 pio
1027 2593 1097 2658 sinu
1129 2593 1286 2674 suscipere

168 2696 324 2761 dubitaret
350 2698 491 2774 ecclesie,
528 2716 599 2763 cum
623 2703 746 2765 constet
767 2720 825 2766 uos
856 2719 917 2763 non
940 2700 1104 2764 traditores
1128 2718 1206 2774 esse,
1231 2697 1285 2761 sed

166 2801 248 2866 filios
270 2801 473 2865 traditorum?
1284 2808 1286 2811 ’

209 2907 249 2974 4.’
274 2907 356 2972 Nam
379 2906 478 2987 aliqui
497 2926 533 2971 ex
550 2909 641 2973 uobis
656 2905 805 2971 uolentes
827 2928 883 2974 nos
905 2910 1032 2992 populis
1055 2908 1121 2973 suis
1149 2910 1284 2971 oontem-
1315 2933 1318 2938 ·

122 3043 148 3083 es
167 3013 285 3079 nendos
313 3009 475 3077 ostendere
508 3012 608 3104 etiam
623 3010 703 3074 illud
724 3010 857 3076 miscent
886 3014 1073 3080 tractatibus
1101 3013 1177 3090 suis,
1201 3012 1284 3094 quod

168 3118 368 3185 aSalomone
386 3115 536 3198 propheta
554 3115 672 3181 dictum
692 3120 753 3181 est:
776 3136 924 3184 muscae
947 3121 1146 3186 moriturae
1170 3113 1281 3182 e'rter·

256 3351 268 3402 1
288 3349 383 3405 Matth.
402 3349 444 3411 26,
463 3347 498 3402 34
559 3347 593 3400 26
611 3345 681 3400 Eccl.
701 3346 741 3410 10,
760 3347 776 3401 1

202 3496 219 3548 3
254 3496 346 3566 caiphe
372 3497 407 3563 Β,
439 3495 522 3550 caitae
554 3493 582 3559 0,
615 3495 713 3564 cayphe
740 3493 775 3559 B,
807 3493 874 3548 cnife
902 3494 928 3549 C
1043 3495 1159 3567 Caiphae
1192 3515 1277 3555 sacer·

168 3582 272 3640 dotisb
341 3583 486 3638 ddetento
503 3584 566 3650 (sio)
584 3598 691 3637 numero
710 3581 737 3635 Β
808 3582 824 3635 6
847 3583 930 3637 tercio
954 3583 1068 3638 dicitll
1142 3585 1276 3643 Christum

168 3686 196 3724 se
218 3668 267 3723 CC
388 3670 403 3723 7
429 3673 550 3739 tempora
577 3670 603 3736 (a
629 3684 695 3727 corr.
723 3683 756 3722 ec
774 3684 788 3721 e
807 3685 840 3724 m.
859 3670 931 3738 1)θ
1033 3670 1054 3728 ,8
1072 3676 1276 3742 agnoscentibus

168 3783 251 3837 filium
268 3782 323 3839 RB
375 3749 807 3855 11neo]r⁰1t(eorr.m.1?)13
860 3786 892 3838 14
914 3785 1016 3840 inclusa
1031 3786 1094 3853 ΒΒ,
1114 3788 1276 3853 interclausa

168 3874 195 3939 (a
213 3887 271 3939 erp.
289 3869 446 3938 m.1?)G
499 3872 531 3926 16
550 3886 578 3924 se
596 3886 658 3924 nere
675 3870 719 3942 Β
765 3871 797 3924 17
815 3872 868 3926 toti
888 3871 954 3928 CGb
1009 3876 1041 3930 19
1059 3876 1196 3932 eluderent
1213 3878 1277 3931 libor*

169 3960 228 4027 (cfr.
246 3957 365 4024 Romu,
382 3958 448 4012 Ital.
462 3975 492 4026 p.
508 3958 571 4027 465)
642 3953 805 4028 peccatorem
821 3959 876 4015 ΒΒ
944 3961 980 4016 20
997 3965 1204 4019 commemoretis
1220 3963 1275 4018 ΒΒ

167 4071 201 4126 22
220 4073 331 4128 ecclesia
348 4071 463 4127 omna
514 4072 548 4126 24
566 4039 614 4127 dos
632 4073 845 4141 (corr.m.2)0
912 4076 1095 4133 snisom.RB
1148 4078 1272 4131 25etiam

169 4159 241 4213 aliud
258 4160 394 4246 opponunt
410 4161 488 4242 tract.
506 4159 560 4214 RB
612 4160 646 4213 26
663 4160 790 4231 prophete
809 4161 873 4230 (sic)
894 4162 920 4217 C
