3044 4656
506 291 701 344 nominum
729 293 919 345 et'rerum.
1194 299 1255 361 231

179 481 329 551 appellatur
354 482 388 535 D.
414 483 551 552 episcopus
576 484 617 547 75,
645 485 673 546 5;
725 482 837 549 eeclesia
866 482 995 538 catholica
1027 485 1066 551 11,
1097 486 1113 539 5
1139 485 1258 554 passim,-

176 554 218 613 76,
236 554 266 616 4;
286 552 334 619 cfr.
355 553 397 616 76,
416 555 462 616 15;
480 556 556 622 pater
569 553 674 607 Perme-

176 623 249 676 niani
262 623 303 686 73,
319 623 351 677 18
358 645 364 687 ;
377 624 498 693 princeps
511 624 573 691 Tyri
584 625 674 694 appel-

175 693 224 746 lari
240 694 338 747 meruit
356 695 397 756 76,
418 695 461 756 16;
476 695 533 748 cius
546 711 617 749 mors
632 695 674 759 79,
698 699 701 785 p

176 765 192 816 9
222 780 259 832 77.
297 765 345 831 cfr.
376 770 519 834 praetereo
555 765 596 827 73,
629 769 672 828 11;

176 835 216 898 74,
255 835 299 898 14;
338 836 380 889 75.
412 836 441 899 57
478 837 520 899 76,
552 837 598 900 16;
631 835 673 898 77,

176 906 199 957 5.
219 906 259 957 14.
280 905 324 969 15;
340 905 381 970 78,
396 907 423 959 3.
436 907 461 959 4.
476 905 501 960 8.
515 905 556 961 12.
574 906 612 962 14.
625 906 672 969 22;

94 1025 95 1029 ,
178 975 218 1038 79,
234 976 258 1029 3.
275 975 378 1039 15;80,
395 976 435 1031 13.
451 976 672 1041 15.17;81,7-

140 1046 223 1114 partis
237 1047 336 1100 Donati
350 1047 468 1115 episcopi
482 1047 524 1108 26,
537 1049 562 1100 4.
573 1048 589 1100 5
600 1049 673 1113 (loeo

175 1116 274 1170 Donati
290 1117 459 1171 scribendum
477 1133 531 1172 esse
548 1118 673 1171 Maiorini
709 1142 711 1146 Α

171 1187 228 1240 77777
246 1187 318 1241 docti
336 1188 473 1242 advectent
490 1190 673 1258 Aspusts'num

173 1258 338 1326 respicientes
356 1265 381 1312 et
393 1259 511 1330 Arretini
523 1266 671 1327 7777777777-

173 1329 214 1393 777,
234 1329 278 1382 cui
297 1328 403 1384 7777777777
419 1330 468 1383 7777
485 1330 593 1384 oblatus
605 1336 673 1397 erat,

170 1400 341 1463 7777777777,-
359 1405 450 1453 utrum
469 1400 592 1454 7777777777
604 1402 640 1455 sit
654 1417 672 1453 7
697 1376 700 1460 1

173 1469 286 1522 Donato
307 1469 458 1536 (lesinensi,
476 1487 533 1524 77777
546 1470 628 1540 liquet
640 1487 673 1524 77

176 1538 275 1604 Optato
294 1554 328 1578 -ὲ
346 1539 393 1592 sed
408 1556 436 1592 77.
455 1542 540 1607 sequ.)

137 1609 261 1662 Donatus
270 1606 421 1661 casinensis
436 1611 463 1674 (a
478 1607 551 1662 Oasis
564 1609 657 1677 nigris)
665 1626 676 1661 :⁴

173 1678 289 1747 episcopi
325 1679 409 1746 partis
445 1677 549 1730 Donati¹¹
582 1679 625 1740 26,
656 1679 672 1730 5

174 1746 272 1811 (Heres.
295 1747 421 1801 Ualesius
437 1747 539 1800 Donati
555 1763 623 1802 corr.
642 1748 673 1799 777

172 1816 303 1879 1177777777,
313 1817 361 1883 cfr.
371 1817 441 1886 74777.
452 1833 490 1885 ep.
505 1816 547 1880 88,
563 1821 591 1870 17
601 1816 673 1885 quod

111 1949 113 1952 ¹
172 1903 232 1955 pars
259 1887 359 1941 Donati
386 1903 453 1955 quae
489 1887 574 1955 primo
602 1886 672 1970 apud

173 1956 364 2026 Carthaginem
381 1973 443 2026 pers
459 1957 584 2011 Maioriui
602 1955 671 2011 duce·

173 2027 252 2081 batur
278 2027 349 2080 ultro
381 2028 517 2081 accusauit
543 2025 671 2083 ¹Caecilia·

172 2101 260 2164 num);
279 2099 336 2152 eius
349 2100 377 2151 77
385 2096 534 2153 0777717777
547 2114 626 2152 causa
643 2098 671 2151 in

174 2186 247 2224 conc.
263 2169 389 2223 ‘Romano
412 2171 472 2222 aeta
493 2169 536 2232 27,
559 2171 587 2233 43
613 2185 671 2223 sen·

172 2240 273 2295 tentiae
282 2240 426 2296 inD.latae
435 2240 564 2308 27,10sq.
576 2240 672 2308 quibus

173 2312 314 2366 damnatur
331 2311 359 2364 in
378 2327 449 2364 conc.
467 2311 544 2366 Rom.
563 2310 605 2375 27,
626 2311 671 2374 16;

157 2384 213 2445 29,
234 2384 263 2447 1;
281 2382 382 2435 Donati
399 2384 484 2435 testes
496 2381 525 2434 in
542 2379 671 2436 Caecilia·

171 2470 234 2506 num
252 2470 306 2506 non
324 2452 425 2507 habent
437 2451 509 2522 quod
521 2451 612 2506 dicant
629 2452 671 2515 27,

173 2525 203 2586 7;
240 2524 380 2577 damnatus
416 2523 451 2576 ad
485 2524 672 2592 imperatorem

173 2593 292 2662 appellat
319 2595 363 2656 27,
395 2595 440 2657 17;
471 2594 550 2662 petit,
578 2596 609 2647 nt
629 2609 671 2649 77·7

172 2664 242 2715 uerti
273 2663 324 2717 sibi
355 2664 436 2719 liceat
466 2665 509 2725 28,
538 2666 566 2728 1,
599 2665 672 2733 prior

172 2733 242 2785 ultro
253 2731 441 2802 Carthaginem
455 2734 532 2798 redit,
541 2735 672 2803 posterior

175 2801 349 2866 Caecilianus,
386 2820 438 2873 quo
473 2804 672 2857 renouellautur

176 2875 264 2941 partes
282 2872 324 2936 28,
344 2873 377 2932 16
394 2888 442 2939 77.;
462 2874 518 2926 eins
532 2871 672 2941 parssedi·

173 2946 243 2996 tiosa
261 2943 303 3004 28,
322 2943 339 2996 8
345 2962 352 3004 ;
374 2942 422 2995 sed
443 2943 493 3009 cfr.
510 2944 596 3010 7777777
607 2956 670 3010 vpar·

176 3016 212 3067 tis
230 3013 331 3067 Donati
350 3011 499 3080 (Carthag.)
519 3010 638 3080 episcopi.

139 3085 264 3139 Donatus
297 3082 489 3136 Masculitanus
534 3081 673 3150 episcopus

174 3151 673 3220 unusetraditoribusinpersecutione

173 3227 342 3280 Diocletiana
360 3225 402 3285 16,
421 3226 449 3288 1;
472 3223 596 3277 interfuit
613 3238 672 3275 con-

175 3298 235 3350 cilio
247 3295 361 3352 cirtensi
371 3294 433 3362 (cfr.
443 3296 512 3363 74777.
524 3310 545 3348 7.
558 3293 641 3348 Oresc.
648 3293 672 3356 3,

175 3369 217 3427 27,
232 3368 276 3434 30)
290 3383 372 3436 seque
384 3364 527 3420 tradidisse
540 3363 673 3418 confessus

82 3463 84 3467 ⁴
176 3438 276 3501 77716,
299 3439 341 3501 17;
361 3439 403 3500 22,
423 3437 455 3490 13
480 3436 540 3503 (cfr.
563 3437 605 3498 21,
629 3436 672 3497 16)

176 3538 208 3548 --
231 3508 349 3562 Mascula
376 3506 438 3560 urbs
465 3505 606 3560 Numidiae
624 3508 672 3575 cfr.

175 3595 246 3631 77777.
261 3595 300 3644 ep.
311 3578 425 3633 Nursini.
441 3578 480 3631 ed.
494 3577 598 3631 Petscd.
614 3577 672 3638 122,

175 3649 223 3714 94,·
240 3647 299 3702 coll.
317 3649 408 3702 077777.
426 3648 448 3700 Ι.
469 3648 518 3701 128

140 3720 261 3772 Donatus
274 3718 408 3782 diaconus,
423 3717 487 3773 Nini
500 3718 580 3780 filius,
594 3717 672 3772 aDo·
691 3765 703 3788 ,,

762 554 818 607 eius
854 554 981 608 sanctitas
1008 555 1051 609 de
1087 557 1257 610 sacramentis

761 624 896 693 colligitur
922 625 964 691 32,
991 625 1019 690 8;
1054 626 1083 679 in
1109 629 1168 680 toto
1195 626 1256 680 orbe

760 701 888 748 terramm
899 696 1051 760 est33„14;
1066 697 1108 759 36,
1122 699 1150 760 5;
1166 697 1207 758 71,
1224 698 1257 750 17

759 765 925 834 commanem
947 765 1257 821 habet'innumerabiles

759 834 1257 975 77777“,..777177..11777

760 992 850 1030 omnes
860 978 959 1046 gremio
971 994 1018 1031 suo
1029 949 1258 1047 conplectitur’95:

760 1048 805 1112 15;
824 1052 930 1116 praeter
947 1064 1026 1101 unam
1045 1050 1128 1103 altera
1145 1066 1198 1102 nou
1217 1053 1258 1102 est
1294 1096 1297 1102 .

759 1119 785 1176 9.
801 1121 845 1180 11;
866 1118 906 1181 12,
920 1118 949 1183 2;
964 1118 1007 1181 32,
1021 1119 1036 1171 6
1050 1136 1089 1189 sq.
1107 1121 1164 1173 eius
1177 1123 1257 1173 notae

759 1189 801 1251 18,
834 1188 868 1241 20
893 1205 931 1256 sq.
960 1189 1030 1258 apud
1056 1186 1202 1244 haeleticos
1230 1195 1257 1243 et

759 1259 922 1313 scismaticos
949 1277 1007 1314 esse
1034 1262 1127 1330 nequit
1150 1261 1256 1324 32,10;

759 1347 812 1383 una
838 1333 879 1383 est
900 1333 986 1383 mater
1010 1333 1050 1395 14,
1074 1333 1098 1385 3.
1121 1333 1146 1395 4,
1173 1330 1257 1384 isdem

759 1403 981 1454 sacramentorum
1000 1402 1145 1456 uisceribus
1164 1402 1259 1472 genuit

761 1471 936 1539 104,1;107,
955 1472 984 1536 57
1002 1475 1051 1540 cfr.
1066 1474 1125 1537 107,
1137 1473 1184 1536 23;
1204 1488 1258 1526 777.

759 1541 839 1593 uinea
853 1543 902 1595 est.
916 1543 986 1595 uites
999 1543 1127 1607 homines,
1141 1543 1257 1602 ordinati

759 1609 873 1662 cultores
892 1612 950 1674 135,
964 1613 989 1666 9.
1005 1613 1050 1674 10;
1063 1613 1106 1665 dei
1118 1613 1256 1682 paradisus

760 1681 801 1730 est
831 1680 874 1740 46,
905 1682 952 1745 227
979 1681 1143 1748 significatur
1168 1683 1258 1738 monte

760 1751 851 1801 sancto
870 1749 934 1802 Sion
961 1750 1003 1812 71,
1025 1749 1115 1808 2.18;
1144 1748 1203 1812 128,
1226 1745 1254 1809 5;

760 1819 816 1870 eius
834 1820 924 1886 portas
950 1819 1088 1870 introeunt
1104 1819 1258 1869 innocentes

760 1929 783 1941 ..
795 1930 801 1942 .
821 1888 863 1952 71,
883 1888 915 1951 9;
933 1888 1081 1941 columbam
1093 1885 1122 1939 ct
1134 1903 1256 1954 sponsam

760 1975 847 2020 unam,
866 1957 967 2011 iontem
994 1957 1128 2027 signatum
1152 1959 1180 2009 et
1197 1956 1258 2009 hor·

760 2032 818 2081 tum
832 2029 983 2082 conclusum
996 2026 1118 2083 Christus
1136 2043 1193 2080 eam
1212 2044 1257 2095 ap·

759 2099 844 2168 pellat
862 2099 903 2164 12,
921 2101 946 2153 4.
960 2100 976 2152 5
983 2119 990 2162 ;
1009 2098 1134 2162 321797
1153 2097 1257 2160 53,14;

760 2170 816 2223 eius
839 2170 942 2223 uiscera
964 2174 993 2223 et
1014 2168 1132 2221 membra
1157 2169 1199 2230 45,
1224 2167 1259 2221 24

758 2240 932 2308 sq.;46,19;
959 2240 1002 2303 48,
1027 2239 1059 2293 18
1077 2255 1126 2307 77.;
1154 2238 1204 2291 filii
1231 2242 1258 2291 et

758 2311 830 2365 filiae
853 2310 913 2374 128,
937 2311 965 2374 6;
993 2312 1119 2379 quattuor
1141 2309 1257 2378 capitum

759 2391 858 2450 genera
884 2382 926 2441 61,
954 2382 1002 2450 10;
1037 2381 1153 2449 quinque
1181 2378 1256 2432 dotes

760 2451 825 2514 (77777
843 2451 1009 2516 ornamenta)
1037 2452 1078 2517 12,
1098 2451 1142 2513 13;
1167 2450 1210 2512 36,
1228 2449 1257 2512 6;

758 2523 801 2586 44,
819 2522 853 2574 22
877 2537 989 2576 conexae
1007 2524 1035 2574 et
1047 2520 1201 2576 indiuiduas
1214 2519 1257 2582 42,

708 2586 709 2589 ’
761 2593 807 2646 11:
828 2591 953 2646 cathedre
971 2592 1014 2654 36,
1039 2593 1064 2649 7.
1086 2593 1134 2656 20;
1151 2590 1193 2652 42,
1214 2589 1257 2652 18;

759 2663 869 2732 angelus
888 2663 930 2726 36,
953 2661 982 2726 8;
1009 2664 1052 2728 42,
1075 2663 1128 2745 207.
1149 2660 1257 2781 7777774777

758 2734 801 2867 11;
812 2733 981 2874 (Jjuu’agodloste‘is4
974 2732 1196 2883 7711177787ἑὲἓέ
1200 2769 1257 2882 csse,

758 2868 1258 3012 sciscitetistesto

760 3013 908 3095 resppblica
925 3008 1257 3134 77177717777ἐ777718777ἐὲἑ

759 3082 1145 3207 {sstttthttttot
1164 3094 1209 3213 77
1230 3149 1255 3233 s.

761 3224 805 3286 15;
816 3225 893 3277 unius
904 3223 1030 3277 ecelesiae
1045 3223 1256 3274 commemoratio

760 3294 784 3357 7,
802 3295 833 3347 15
845 3294 967 3362 saeptum
980 3311 996 3348 a
1008 3292 1180 3347 Parmeniano
1189 3290 1257 3345 falso

761 3361 925 3418 crudelitatis
944 3366 1082 3418 accusatur
1098 3361 1255 3430 48,1677.;

761 3434 937 3488 communicat
959 3434 1137 3504 apostolorum
1158 3449 1255 3487 memo-

760 3505 806 3557 riis
816 3507 844 3557 et
852 3505 1050 3567 sauctorum49,
1058 3505 1099 3569 11;
1106 3503 1255 3558 eiusadser·

760 3579 831 3629 tores
857 3575 1001 3628 laudantur
1028 3575 1068 3638 11,
1095 3575 1175 3638 3-5;
1195 3591 1255 3628 con·
1353 3620 1355 3624 .

760 3649 869 3716 paratur
881 3661 940 3700 cum
952 3653 1017 3715 agro
1030 3646 1088 3706 160,
1102 3646 1127 3700 9.
1143 3646 1184 3710 10,
1196 3662 1255 3699 cum

760 3717 880 3771 aedificio
899 3717 941 3783 95,
955 3717 1020 3785 577.
1035 3747 1068 3757 -
1080 3734 1107 3772 77.
1126 3716 1256 3770 7771771777

175 3789 282 3843 netistis
301 3794 411 3843 necatur
429 3790 471 3854 52,
490 3788 582 3855 57777.
601 3804 672 3842 mor-
725 3789 853 3842 ecclesiae
875 3791 978 3858 septem
1000 3789 1027 3840 iu
1050 3788 1114 3842 Asia
1138 3787 1181 3849 42,
1208 3785 1254 3853 223

176 3859 254 3930 77777.
272 3859 350 3913 Rom.
370 3877 395 3914 77.
416 3859 441 3912 d.
463 3860 494 3917 V.
513 3855 559 3913 Id.
578 3857 672 3926 Febr.)

140 3933 263 3987 Donatus
285 3930 364 3998 episc.
385 3929 453 3983 cath.
472 3932 561 3985 aetate
579 3946 672 3999 proue-

177 4002 243 4056 ctior
272 4017 288 4054 7
310 4000 398 4054 Felice
420 3999 549 4055 Idictensi
574 3999 673 4054 honore

177 4072 320 4194 77777777αὲ
340 4071 469 4139 spoliatur
496 4073 536 4134 54,
557 4070 603 4135 21;
629 4071 671 4136 55,

759 3859 801 3922 43,
820 3861 849 3922 3;
876 3860 918 3922 49,
939 3861 968 3925 9;
988 3860 1046 3923 105,
1072 3859 1115 3920 13;
1145 3854 1255 3910 77717777

760 3929 921 4000 septiformis
937 3929 994 3995 147,
1005 3930 1051 3995 15;
1064 3926 1255 3983 haeretieorum

760 4001 884 4054 ecclesiae
902 4018 955 4054 uon
972 4000 1136 4055 necessariae
1149 3997 1189 4056 11,
1207 3995 1255 4057 20;

760 4072 819 4137 (sed
836 4072 899 4125 777777
920 4072 1060 4139 1777777777)
1088 4066 1255 4122 ecclesiarum

760 4144 907 4196 communio
927 4148 954 4196 et
972 4143 1034 4196 unio
1054 4141 1113 4205 147,
1132 4139 1162 4193 11
1181 4153 1218 4206 77.
