3044 4656
531 320 646 374 Liber
671 321 828 384 tertius,
853 338 875 375 c.
902 323 980 376 2-3.
1262 332 1303 396 73

182 513 224 574 ut
258 511 438 578 faceretis
475 513 630 577 alteram
666 515 925 591 munitionem,
964 519 1001 579 et
1042 519 1302 585 constituistis

182 634 314 697 nquam
344 617 442 682 inter
473 617 563 683 duas
594 620 822 685 munitio-nes
855 624 891 685 et
928 622 971 685 ad
997 623 1178 703 piscinam
1211 627 1302 689 anti-

183 738 288 800 quam
315 722 513 788 adtendere
541 725 721 790 noluistis
748 745 813 790 nec
841 725 884 789 ad
912 745 1002 804 enm,
1031 728 1093 809 qui
1120 729 1161 793 ab
1191 730 1302 795 initio

144 891 146 895 ,
183 827 327 891 creauit
349 828 464 893 illam.

150 953 163 993 s
224 933 254 999 3.
277 933 344 998 Iam
367 935 468 1012 uideo,
492 935 588 999 frater
609 936 821 1013 Parmeniane‚
849 936 888 1002 ad
910 957 968 1003 nos
995 939 1165 1005 redundare
1189 942 1301 1020 omnia,

181 1055 343 1118 equorum
356 1038 549 1121 principibus
568 1039 677 1103 harum
695 1059 796 1105 rernm
816 1042 956 1106 omnium
975 1045 1126 1108 seminata
1135 1049 1184 1110 est
1197 1064 1301 1125 eausa,

180 1140 289 1206 deinde
317 1143 356 1206 ad
378 1144 538 1209 Donatum
566 1142 852 1230 Carthaginensem,
881 1148 970 1213 cuius
997 1150 1148 1214 ueneficio
1175 1150 1302 1214 uidetur

177 1247 307 1312 unitatis
329 1251 494 1332 negotium
517 1269 586 1315 esse
606 1256 808 1317 commotum.
828 1253 860 1318 in
879 1273 940 1334 quo
961 1255 1122 1330 ostendam
1145 1256 1300 1338 operarios

177 1351 245 1417 eius
268 1373 329 1418 non
352 1373 408 1436 pro
431 1355 596 1420 uoluntate
619 1360 727 1421 nostra
748 1377 805 1422 neo
829 1377 886 1422 sua
903 1356 1025 1422 malitia
1042 1360 1160 1441 aliquid
1177 1361 1299 1437 fecisse,

133 1479 158 1518 ro
179 1457 235 1520 sed
256 1460 500 1539 promeantibus
524 1465 616 1540 atque
639 1463 863 1544 inpellentibus
882 1464 984 1528 causis
1004 1467 1035 1527 et
1051 1465 1203 1546 personis,
1223 1485 1302 1548 quas

177 1561 320 1626 Donatus
331 1561 527 1644 Carthaginis
547 1565 584 1626 de
594 1565 723 1632 ienitate
739 1584 797 1630 sna
814 1567 988 1647 constitnit,
1008 1569 1082 1632 dum
1099 1590 1250 1654 magnum
1267 1590 1301 1635 se

177 1665 277 1728 uideri
300 1665 469 1729 contendit.
493 1685 586 1746 quem
609 1667 691 1730 enim
712 1667 792 1732 latet
812 1673 935 1751 praeter
956 1675 997 1747 ts,
1022 1673 1095 1751 qnia
1120 1674 1301 1754 peregrinus

180 1785 224 1844 es,
244 1771 276 1831 et
293 1770 464 1849 potuerunt
480 1770 539 1860 tibi
556 1770 637 1833 false
654 1771 793 1834 narrari?
812 1775 867 1834 ant
885 1774 955 1853 quis
973 1793 1085 1857 negare
1103 1777 1209 1855 potest
1224 1795 1300 1852 rem,

152 1872 231 1937 oni
262 1874 330 1936 tota
353 1872 507 1957 Carthago
538 1873 750 1955 principaliter
776 1876 869 1940 testis
897 1880 955 1955 est,
982 1878 1200 1959 imperatorem
1223 1877 1301 1943 Con·

136 1980 316 2042 restantem
356 1978 491 2042 Paulum
522 1981 555 2042 et
585 1978 758 2042 Macarium
789 1979 935 2062 primitus
966 1999 1034 2044 non
1057 1982 1096 2045 ad
1126 1982 1301 2046 faciendam
1362 2058 1364 2063 ,

178 2083 332 2147 unitatem
354 2083 490 2161 misisse,
515 2083 570 2147 sed
594 2102 666 2148 cum
689 2084 905 2167 eleemosynis,
929 2085 1043 2167 quibus
1062 2084 1227 2150 subleuata
1247 2105 1304 2168 per

179 2189 328 2253 ecclesias
352 2189 493 2272 singulas
512 2191 620 2271 posset
642 2189 801 2271 respirare,
820 2179 939 2267 uestri,
957 2191 1054 2272 pasci,
1071 2191 1208 2273 gaudere
1226 2210 1302 2272 pau

177 2298 308 2376 pertas?
328 2295 472 2376 quicum
491 2277 527 2357 ad
548 2295 717 2370 Donatum,
736 2298 857 2375 patrem
874 2286 976 2373 tuum,
990 2296 1133 2360 uenirent
1147 2298 1188 2374 et,
1208 2315 1301 2377 quare

177 2403 337 2478 uenerant,
360 2400 541 2474 indicarent,
564 2398 619 2487 ilie
639 2400 731 2463 solito
750 2399 852 2463 furore
872 2417 1043 2463 succensus
1060 2401 1092 2462 in
1110 2401 1188 2464 haec
1206 2401 1302 2463 uerba
1330 2427 1331 2430 ¹

133 2527 160 2565 ro
180 2508 339 2590 prorupit:
364 2505 449 2587 ‘quio
472 2509 521 2569 est
537 2504 718 2588 imperatori
732 2523 808 2592 *cum
826 2503 992 2568 eeclesia?
1016 2507 1048 2567 et
1066 2504 1103 2568 de
1121 2504 1206 2568 fonte
1223 2505 1301 2569 leui-

179 2612 254 2678 tatis
269 2631 343 2677 snae
354 2614 454 2675 multa
466 2611 633 2676 maledicta
648 2609 758 2675 effudit
771 2628 831 2674 non
845 2609 949 2673 minus
964 2627 1058 2689 quam
1072 2609 1104 2672 in
1115 2608 1301 2693 Gregorinm

180 2716 357 2798 aliqnando,
381 2717 420 2780 ad
443 2736 535 2797 quem
559 2716 605 2779 sio
627 2715 762 2780 scribere
789 2713 917 2777 minime
945 2712 1119 2781 dubitauit:
1148 2713 1300 2797 ‘Gregori

168 2823 304 2887 'macula
326 2825 454 2887 senatus
478 2826 511 2885 et
533 2821 669 2885 dedecus
692 2819 929 2902 praefectornm'
961 2822 993 2888 et
1015 2823 1118 2883 cetera
1140 2818 1226 2895 talia,
1251 2818 1302 2881 eni

180 2929 302 2992 Donato
324 2927 482 3010 praefatus
505 2925 657 3007 p'atientia
679 2922 848 3006 episcopali
869 2923 1038 3006 rescripsit.
1057 2925 1168 2988 harum
1186 2923 1303 3006 epistu-

139 3054 164 3092 re
179 3037 279 3100 larum
309 3032 495 3116 exemplaria
516 3014 692 3095 ¹multorum
720 3047 771 3094 ere
798 3029 914 3111 ubique
942 3033 1114 3094 cantantur.
1136 3028 1199 3091 iam
1226 3036 1302 3091 tuno

181 3140 392 3205 meditabatur
419 3141 526 3204 contra
556 3137 722 3218 praecepta
753 3135 890 3216 apostoli
916 3135 1008 3199 Pauli
1032 3125 1243 3217 potestatibus
1272 3137 1305 3198 et

181 3246 306 3329 regibus
338 3244 484 3309 iniuriam
515 3243 626 3319 facere,
658 3260 712 3323 pro
746 3239 869 3322 quibus,
902 3240 930 3305 si
962 3242 1139 3322 apostolum
1171 3239 1301 3316 audiret,

217 3496 338 3563 tneque
358 3493 384 3547 G
454 3490 575 3559 41111111]
593 3489 698 3544 ean
768 3489 857 3544 biam
874 3505 925 3542 om.
943 3489 971 3541 Β
1041 3490 1163 3542 61111111
1186 3487 1302 3541 omnium

182 3580 280 3638 om.G
362 3581 429 3635 semi
446 3579 555 3634 nataB
608 3576 967 3647 icarthaginisGtclt.t
989 3577 1097 3641 11376,
1118 3577 1160 3643 16)
1228 3575 1302 3629 cuins

181 3668 357 3727 beneficioG
446 3668 479 3722 10
508 3670 535 3720 et
562 3666 680 3736 personis
707 3681 759 3720 om.
777 3665 865 3719 RBob
964 3666 995 3719 11
1025 3664 1058 3718 de
1085 3681 1134 3718 om.
1161 3664 1217 3718 ΒΒ
1243 3663 1304 3716 cdd.

182 3772 232 3809 sna
256 3742 305 3810 om.
330 3755 358 3807 Β
464 3755 496 3808 12
524 3753 676 3808 constendit
698 3752 726 3805 Β
834 3751 918 3805 14111
949 3753 1053 3820 patrem
1086 3752 1302 3806 constantantem

184 3843 247 3912 (sic)
267 3839 295 3896 Β
349 3843 381 3897 lb
403 3842 565 3896 macharium
589 3841 615 3894 G
679 3840 711 3894 16
734 3838 875 3896 sabloneta
897 3855 947 3892 om.
968 3838 1039 3894 BBo
1111 3841 1143 3893 17
1162 3838 1248 3908 possit
1268 3837 1303 3890 ob

172 3933 380 4003 'repraesentare
406 3931 442 3994 Β,
468 3931 599 4000 respicere
629 3928 654 3982 G
761 3927 793 3981 19
820 3927 943 3980 uenerint
972 3926 997 3980 G
1111 3927 1154 3980 illi
1181 3925 1218 3993 ('
1229 3930 1244 3991 )
1277 3923 1303 3978 G

183 4021 217 4074 ‘20
235 4020 357 4090 prorupit
375 4017 511 4072 dicensG
564 4017 596 4070 21
617 4019 646 4070 et
662 4014 737 4069 inG
789 4010 823 4068 ’22
847 4014 964 4083 gregorii
980 4014 1036 4068 RB
1087 4014 1141 4065 124
1158 4010 1302 4082 praefatus]

143 4106 316 4178 'prefectus
337 4105 380 4160 Gb
450 4105 583 4175 patientie
604 4103 638 4168 G,
655 4101 806 4175 penitencia
823 4102 850 4156 Β
937 4102 972 4154 ‘25
994 4100 1114 4168 exempla
1134 4099 1160 4153 G
1229 4098 1305 4166 tunc]

184 4195 287 4249 tnan
