3044 4656
651 326 867 385 Praefatio.
1222 265 1323 404 mn

201 537 256 601 spe
277 517 400 597 duetus,
423 517 488 582 fore
505 520 543 582 ut
560 516 759 582 adiuuaretur
777 518 961 585 oomeotiore
978 522 1141 606 magisque
1159 528 1322 593 emendato

200 620 365 705 exemplari
396 640 432 686 ex
449 620 536 686 illius
563 620 755 687 bibliotheca
787 621 1015 705 copiosissima.
1053 626 1122 709 ipse
1154 629 1322 697 editionem

199 747 289 796 suam
307 729 467 810 nuncupat
482 725 660 806 festinatam
679 728 711 790 et
729 725 869 791 uodioem
890 726 1058 807 Cusanum,
1082 750 1143 813 quo
1162 752 1224 799 uno
1242 755 1320 803 usus

199 836 257 911 661,
280 852 317 896 ee
347 831 474 912 uotique
505 830 605 894 codiee
635 829 779 911 quopiam
809 833 949 897 mendose
980 832 1019 896 eb
1049 835 1168 901 indocto
1195 838 1321 906 librario

197 938 346 1018 seriptum
367 940 396 1001 et
412 936 451 1000 eb
468 935 530 1000 etio
549 934 688 1016 deteeepo
704 935 798 1000 mutto
820 936 920 1001 adbuc
937 939 1114 1006 mendosius
1130 946 1319 1026 reserebtem.

198 1060 234 1108 ae
259 1042 397 1125 profecto
425 1033 531 1108 soetet
558 1039 702 1107 cusanus
729 1041 784 1108 ille
808 1043 929 1108 mendis
953 1044 1054 1109 omnis
1085 1048 1216 1130 generis,
1239 1050 1322 1116 inten-

196 1166 274 1231 qnae
291 1147 361 1232 ipso
379 1151 462 1214 teste
488 1147 678 1214 Cooblaeum
702 1147 882 1230 frequenter
906 1149 999 1214 torsit
1023 1150 1167 1228 „indocta
1189 1156 1221 1218 et
1242 1154 1321 1220 indi-

194 1251 310 1318 stineta
331 1256 387 1317 aut
407 1253 515 1335 potius
537 1253 621 1319 male
644 1252 793 1319 distinete
816 1254 976 1338 scriptoris
1000 1255 1146 1339 depictio,
1176 1259 1230 1341 qui
1253 1260 1321 1326 sine

195 1376 269 1423 eura
290 1359 358 1424 neri
380 1377 492 1425 sensus
515 1359 623 1425 literas
646 1361 679 1425 et
701 1361 837 1444 syllabas
867 1363 1036 1428 uerborum
1058 1363 1140 1428 mele
1163 1364 1322 1429 coniunxit

195 1465 251 1527 aut
277 1462 500 1532 disiunxit...
523 1465 612 1530 uerbi
635 1466 750 1550 gretie:
778 1466 839 1533 1661
861 1470 934 1532 1666
954 1494 991 1522 =
1012 1467 1089 1532 feeit
1109 1486 1183 1546 uos;
1207 1470 1321 1534 areni-

196 1567 324 1632 doribns
354 1598 396 1620 =
426 1587 495 1635 arae
531 1570 708 1648 nidoribus3
742 1572 938 1638 florentiutus
975 1591 1082 1638 eorum
1109 1603 1150 1631 =
1180 1574 1322 1638 florentia

196 1671 387 1737 Tuscorum⁸
410 1691 437 1738 e.
457 1691 487 1754 q,
505 1691 532 1737 s.
547 1691 575 1738 a.
599 1673 654 1737 sed
677 1675 778 1739 multo
801 1677 959 1756 grauiores
983 1676 1186 1741 difficultates
1209 1678 1321 1743 editori

195 1775 244 1839 illi
270 1776 442 1842 leetionum
467 1777 605 1860 ineptiae
634 1795 670 1841 ao
698 1778 920 1859 peruersitates
949 1779 1106 1860 plerisque
1128 1780 1160 1842 in
1186 1781 1266 1845 loeis
1289 1784 1322 1844 et

195 1880 341 1947 turbatus
362 1878 477 1945 iterum
494 1881 671 1962 iterumque
694 1880 920 1944 sententiarum
937 1881 1012 1945 ordo
1035 1882 1219 1961 attulerunt,
1243 1900 1321 1963 quas

199 1970 259 2050 etsi
281 2004 343 2051 non
361 2003 470 2050 omnes
491 1987 576 2050 reete
599 1983 753 2049 intellexit
775 1986 830 2049 aut
852 1984 1007 2068 sagaoiter
1028 1984 1194 2068 expediuit‚
1217 1988 1320 2051 tamen

196 2091 327 2173 aequius
356 2090 537 2172 iustiusque
567 2090 605 2155 de
634 2089 721 2153 illius
752 2108 845 2173 opera
874 2092 906 2153 et
933 2107 1024 2173 opere
1051 2090 1184 2154 iudicari
1205 2090 1319 2156 decuit.

195 2200 246 2262 est
273 2195 355 2260 enim
392 2195 616 2277 seripturarum
652 2213 747 2260 seusu
778 2195 949 2259 oarentium
972 2193 1101 2258 adfatim
1129 2194 1162 2260 in
1196 2194 1319 2261 (lusano

194 2303 286 2368 uelut
308 2302 361 2378 20,
386 2302 422 2376 1,
452 2301 504 2379 22,
528 2301 566 2375 4,
595 2301 648 2377 36,
672 2301 703 2364 8.
727 2300 784 2375 13,
816 2299 868 2378 38,
893 2300 922 2364 l.
946 2300 1005 2375 21,
1029 2301 1082 2378 46,
1106 2301 1164 2376 24,
1188 2300 1319 2379 47,11,

196 2407 248 2486 56,
274 2407 332 2482 15,
357 2406 408 2479 58,
434 2405 492 2480 13,
521 2405 574 2483 69,
606 2406 657 2470 11.
682 2405 734 2467 16.
753 2404 813 2478 22,
843 2403 895 2479 77,
920 2403 957 2488 7,
980 2404 1033 2480 81,
1057 2406 1093 2478 4,
1123 2404 1175 2480 85,
1199 2407 1236 2478 4,
1267 2405 1319 2483 87,

196 2515 255 2589 20,
286 2512 339 2589 95,
372 2512 430 2587 18,
464 2509 537 2587 103,
570 2510 608 2585 3,
643 2510 715 2588 108,
750 2508 807 2584 14,
839 2508 912 2586 114,
936 2508 974 2583 3,
1004 2509 1076 2586 120,
1101 2508 1138 2582 2,
1163 2509 1237 2587 129,
1261 2509 1319 2584 17,

197 2619 270 2696 134,
300 2620 358 2694 14,
388 2618 462 2696 145,
494 2617 552 2692 15,
578 2616 650 2694 146,
676 2615 711 2689 7,
739 2615 814 2693 150,
838 2615 874 2689 4,
907 2614 979 2691 151,
1012 2615 1063 2691 10,
1092 2611 1146 2695 qui
1172 2632 1320 2679 numerus

196 2725 267 2807 plus
303 2722 432 2808 triginta
466 2721 545 2787 loeis
580 2722 723 2804 augetur,
757 2719 790 2782 in
828 2718 940 2799 quibus
976 2718 1149 2784 Oooblaeus
1187 2719 1321 2804 genuina

196 2829 249 2895 uel
280 2847 337 2894 suo
367 2829 466 2892 marte
503 2825 659 2891 diuinauit
697 2823 751 2888 uel
782 2841 928 2905 peruerse
969 2824 1145 2906 explanabit
1180 2822 1248 2909 (etr.
1288 2825 1319 2901 4,

198 2937 235 3011 6,
269 2937 299 3013 5,
333 2936 390 3008 16,
423 2934 454 3010 6,
488 2932 520 2994 2.
544 2932 582 3006 8,
615 2929 908 3006 13,13,17,10,
940 2930 993 3007 20,
1017 2930 1074 3003 24,
1100 2929 1151 3005 27,
1177 2930 1234 3004 19,
1267 2929 1320 3006 38,

199 3042 256 3116 11,
280 3041 333 3118 45,
360 3040 421 3114 12,
446 3037 499 3115 47,
524 3037 583 3110 23,
614 3036 667 3110 64,
692 3035 749 3110 13,
778 3035 830 3106 67,
855 3035 891 3108 6,
921 3035 973 3109 76,
998 3035 1034 3110 5,
1060 3036 1133 3109 124,
1158 3035 1215 3109 21,
1246 3034 1319 3109 143,

199 3148 256 3221 18,
283 3147 356 3221 152,
381 3144 423 3228 5),
454 3161 533 3226 quae
556 3139 839 3205 animaduersiones
864 3158 883 3202 a
904 3140 1107 3221 sequentibus
1137 3138 1319 3213 editonibus‚

198 3249 339 3333 inprimis
369 3266 387 3312 a
415 3245 569 3312 Balduino
599 3243 694 3310 taoito
724 3244 859 3327 quodam
888 3262 1043 3310 consensu
1071 3246 1213 3326 receptae
1237 3245 1319 3306 sunt.

200 3353 282 3436 quod
317 3353 479 3418 turbatum
516 3349 740 3416 sententiarum
761 3346 918 3413 ¹ordinem
955 3348 1084 3426 attinet,
1130 3348 1225 3412 codex
1265 3347 1320 3410 ille

200 3458 343 3526 Cusanus
371 3457 484 3541 pentim
515 3474 587 3521 oum
613 3454 760 3520 Remensi
787 3457 819 3518 et
844 3453 1012 3518 Buluniano
1040 3451 1129 3517 libris
1157 3451 1233 3516 faoit
1254 3452 1320 3534 (77,

202 3565 260 3638 18,
283 3564 335 3642 88,
357 3566 400 3642 4),
422 3560 536 3645 partim
559 3562 645 3626 solus
672 3559 869 3626 cohaerentia
891 3577 927 3623 ae
956 3576 1072 3623 oonena
1093 3557 1319 3640 transponendo

201 3669 351 3733 disiunxit
381 3670 446 3750 (84,
479 3670 514 3743 3,
548 3668 600 3745 86,
631 3667 688 3742 24,
721 3666 793 3744 100,
823 3666 880 3741 14,
912 3665 1068 3743 112,14,
1101 3665 1173 3742 119,
1197 3663 1236 3749 3),
1260 3680 1322 3744 qua

201 3792 275 3840 sane
304 3772 535 3857 deprauationis
571 3790 666 3837 eausa
695 3790 755 3836 non
784 3771 948 3852 perspecta
983 3788 1102 3834 errasse
1132 3769 1319 3836 Gooblaeum

199 3880 316 3945 flustra
344 3877 578 3943 emendaturum
608 3895 669 3941 non
699 3877 748 3941 est
775 3875 961 3958 negandum.
990 3877 1149 3959 praeterea
1178 3873 1319 3940 cusanus

200 3984 321 4052 laeunis
343 3982 468 4048 maioris
490 3980 659 4048 minorisae
689 3980 826 4047 ambitus
849 3981 956 4046 erebro
978 3981 1110 4045 uitiatur
1137 3978 1183 4065 (4,
1206 3981 1236 4042 4.
1262 3978 1320 4052 14,

202 4093 232 4169 5,
256 4092 292 4166 3,
317 4089 430 4174 13‚2;
454 4090 505 4166 14,
529 4089 588 4162 22,
612 4088 721 4163 21,9,
745 4087 797 4165 30,
822 4084 924 4161 3-5,
947 4086 1057 4164 31,7,
1081 4087 1134 4163 36,
1158 4085 1188 4147 5.
1212 4084 1242 4148 8.
1268 4084 1319 4150 10.

203 4197 260 4273 11,
285 4192 337 4274 43,
362 4194 417 4269 13,
443 4193 494 4269 60,
519 4194 576 4268 22,
602 4193 653 4270 64,
678 4194 735 4266 19,
765 4191 817 4270 66,
842 4192 900 4265 14,
929 4191 1139 4281 93213395,
1164 4190 1222 4265 21,
1247 4188 1320 4267 109,
