<?xml version="1.0" encoding="UTF-8"?>
<!DOCTYPE html PUBLIC "-//W3C//DTD XHTML 1.0 Transitional//EN"
    "http://www.w3.org/TR/xhtml1/DTD/xhtml1-transitional.dtd">
<html xmlns="http://www.w3.org/1999/xhtml" xml:lang="en" lang="en">
 <head>
  <title>
</title>
<meta http-equiv="Content-Type" content="text/html;charset=utf-8" />
  <meta name='ocr-system' content='tesseract 3.04.00' />
  <meta name='ocr-capabilities' content='ocr_page ocr_carea ocr_par ocr_line ocrx_word'/>
</head>
<body>
  <div class='ocr_page' id='page_1' title='image "./soptatimilevita00ziwsgoog_0034.png"; bbox 0 0 3044 4656; ppageno 0'>
   <div class='ocr_carea' id='block_1_1' title="bbox 599 326 1267 402">
    <p class='ocr_par' dir='ltr' id='par_1_1' title="bbox 599 326 1267 402">
     <span class='ocr_line' id='line_1_1' title="bbox 599 326 1267 402; baseline 0.003 -22"><span class='ocrx_word' id='word_1_1' title='bbox 599 326 813 383; x_wconf 83' lang='lat' dir='ltr'>Praefatio.</span> <span class='ocrx_word' id='word_1_2' title='bbox 1177 339 1267 402; x_wconf 75' lang='lat' dir='ltr'>XXV</span> 
     </span>
    </p>
   </div>
   <div class='ocr_carea' id='block_1_2' title="bbox 139 518 1271 1760">
    <p class='ocr_par' dir='ltr' id='par_1_2' title="bbox 139 507 1271 1760">
     <span class='ocr_line' id='line_1_2' title="bbox 143 518 1268 609; baseline 0.009 -28"><span class='ocrx_word' id='word_1_3' title='bbox 143 518 257 582; x_wconf 89' lang='lat' dir='ltr'>notitia</span> <span class='ocrx_word' id='word_1_4' title='bbox 284 519 434 599; x_wconf 79' lang='lat' dir='ltr'><strong>quaedam</strong></span> <span class='ocrx_word' id='word_1_5' title='bbox 461 519 574 602; x_wconf 89' lang='lat' dir='ltr'>galhee</span> <span class='ocrx_word' id='word_1_6' title='bbox 602 521 790 604; x_wconf 84' lang='lat' dir='ltr'>conscripta,</span> <span class='ocrx_word' id='word_1_7' title='bbox 823 540 885 602; x_wconf 91' lang='lat' dir='ltr'>qua</span> <span class='ocrx_word' id='word_1_8' title='bbox 912 524 1146 606; x_wconf 80' lang='lat' dir='ltr'>cognoscimus,</span> <span class='ocrx_word' id='word_1_9' title='bbox 1173 546 1268 609; x_wconf 87' lang='lat' dir='ltr'>quem</span> 
     </span>
     <span class='ocr_line' id='line_1_3' title="bbox 142 609 1269 707; baseline 0.011 -23"><span class='ocrx_word' id='word_1_10' title='bbox 142 622 236 686; x_wconf 90' lang='lat' dir='ltr'>hodie</span> <span class='ocrx_word' id='word_1_11' title='bbox 264 620 371 705; x_wconf 89' lang='lat' dir='ltr'>Optati</span> <span class='ocrx_word' id='word_1_12' title='bbox 399 623 538 689; x_wconf 90' lang='lat' dir='ltr'>eodioem</span> <span class='ocrx_word' id='word_1_13' title='bbox 558 624 736 690; x_wconf 84' lang='lat' dir='ltr'>Parisinum</span> <span class='ocrx_word' id='word_1_14' title='bbox 758 609 790 689; x_wconf 89' lang='lat' dir='ltr'>in</span> <span class='ocrx_word' id='word_1_15' title='bbox 813 627 957 692; x_wconf 90' lang='lat' dir='ltr'>manibus</span> <span class='ocrx_word' id='word_1_16' title='bbox 980 628 1140 707; x_wconf 88' lang='lat' dir='ltr'>habemus,</span> <span class='ocrx_word' id='word_1_17' title='bbox 1167 632 1269 696; x_wconf 82' lang='lat' dir='ltr'>fnisse</span> 
     </span>
     <span class='ocr_line' id='line_1_4' title="bbox 143 729 1269 815; baseline 0.01 -26"><span class='ocrx_word' id='word_1_18' title='bbox 143 745 241 790; x_wconf 91' lang='lat' dir='ltr'>unum</span> <span class='ocrx_word' id='word_1_19' title='bbox 270 747 305 791; x_wconf 85' lang='lat' dir='ltr'>ex</span> <span class='ocrx_word' id='word_1_20' title='bbox 331 747 460 794; x_wconf 91' lang='lat' dir='ltr'>numero</span> <span class='ocrx_word' id='word_1_21' title='bbox 483 729 610 794; x_wconf 90' lang='lat' dir='ltr'>illorum</span> <span class='ocrx_word' id='word_1_22' title='bbox 638 750 691 794; x_wconf 84' lang='lat' dir='ltr'>sex</span> <span class='ocrx_word' id='word_1_23' title='bbox 717 732 1010 815; x_wconf 77' lang='lat' dir='ltr'>manuscriptorum,</span> <span class='ocrx_word' id='word_1_24' title='bbox 1040 752 1117 815; x_wconf 91' lang='lat' dir='ltr'>quos</span> <span class='ocrx_word' id='word_1_25' title='bbox 1148 735 1269 811; x_wconf 75' lang='lat' dir='ltr'>,l’abbe</span> 
     </span>
     <span class='ocr_line' id='line_1_5' title="bbox 142 833 1269 923; baseline 0.007 -26"><span class='ocrx_word' id='word_1_26' title='bbox 142 833 311 898; x_wconf 84' lang='lat' dir='ltr'>Rousseler</span> <span class='ocrx_word' id='word_1_27' title='bbox 337 835 445 900; x_wconf 89' lang='lat' dir='ltr'>ancien</span> <span class='ocrx_word' id='word_1_28' title='bbox 471 835 646 919; x_wconf 74' lang='lat' dir='ltr'>‘l&#39;heologat</span> <span class='ocrx_word' id='word_1_29' title='bbox 669 836 706 901; x_wconf 94' lang='lat' dir='ltr'>de</span> <span class='ocrx_word' id='word_1_30' title='bbox 732 856 868 920; x_wconf 81' lang='lat' dir='ltr'>peronne</span> <span class='ocrx_word' id='word_1_31' title='bbox 897 857 931 904; x_wconf 88' lang='lat' dir='ltr'>se</span> <span class='ocrx_word' id='word_1_32' title='bbox 953 838 1012 903; x_wconf 89' lang='lat' dir='ltr'>fait</span> <span class='ocrx_word' id='word_1_33' title='bbox 1032 858 1075 902; x_wconf 90' lang='lat' dir='ltr'>nn</span> <span class='ocrx_word' id='word_1_34' title='bbox 1097 840 1207 923; x_wconf 87' lang='lat' dir='ltr'>plaisir</span> <span class='ocrx_word' id='word_1_35' title='bbox 1228 842 1269 905; x_wconf 91' lang='lat' dir='ltr'>de</span> 
     </span>
     <span class='ocr_line' id='line_1_6' title="bbox 141 940 1269 1027; baseline 0.008 -27"><span class='ocrx_word' id='word_1_36' title='bbox 141 941 288 1003; x_wconf 75' lang='lat' dir='ltr'>remetire</span> <span class='ocrx_word' id='word_1_37' title='bbox 312 942 397 1004; x_wconf 81' lang='lat' dir='ltr'>entre</span> <span class='ocrx_word' id='word_1_38' title='bbox 420 940 467 1005; x_wconf 87' lang='lat' dir='ltr'>les</span> <span class='ocrx_word' id='word_1_39' title='bbox 491 941 590 1004; x_wconf 88' lang='lat' dir='ltr'>mains</span> <span class='ocrx_word' id='word_1_40' title='bbox 620 941 657 1005; x_wconf 89' lang='lat' dir='ltr'>de</span> <span class='ocrx_word' id='word_1_41' title='bbox 681 942 742 1007; x_wconf 86' lang='lat' dir='ltr'>Son</span> <span class='ocrx_word' id='word_1_42' title='bbox 765 942 934 1007; x_wconf 82' lang='lat' dir='ltr'>liminenee</span> <span class='ocrx_word' id='word_1_43' title='bbox 956 944 1045 1027; x_wconf 88' lang='lat' dir='ltr'>hl&#39;gr.</span> <span class='ocrx_word' id='word_1_44' title='bbox 1069 945 1099 1008; x_wconf 90' lang='lat' dir='ltr'>le</span> <span class='ocrx_word' id='word_1_45' title='bbox 1123 944 1269 1009; x_wconf 75' lang='lat' dir='ltr'>cardinal</span> 
     </span>
     <span class='ocr_line' id='line_1_7' title="bbox 142 1041 1267 1135; baseline 0.008 -31"><span class='ocrx_word' id='word_1_46' title='bbox 142 1041 180 1106; x_wconf 89' lang='lat' dir='ltr'>de</span> <span class='ocrx_word' id='word_1_47' title='bbox 201 1043 340 1108; x_wconf 78' lang='lat' dir='ltr'>Rohan.“</span> <span class='ocrx_word' id='word_1_48' title='bbox 371 1045 404 1108; x_wconf 93' lang='lat' dir='ltr'>in</span> <span class='ocrx_word' id='word_1_49' title='bbox 425 1045 476 1109; x_wconf 93' lang='lat' dir='ltr'>his</span> <span class='ocrx_word' id='word_1_50' title='bbox 503 1045 593 1111; x_wconf 91' lang='lat' dir='ltr'>libris</span> <span class='ocrx_word' id='word_1_51' title='bbox 619 1049 778 1129; x_wconf 89' lang='lat' dir='ltr'>praeterea</span> <span class='ocrx_word' id='word_1_52' title='bbox 800 1046 862 1113; x_wconf 92' lang='lat' dir='ltr'>duo</span> <span class='ocrx_word' id='word_1_53' title='bbox 888 1048 1016 1113; x_wconf 81' lang='lat' dir='ltr'>fuerunt</span> <span class='ocrx_word' id='word_1_54' title='bbox 1038 1051 1205 1135; x_wconf 80' lang='lat' dir='ltr'>conscripti</span> <span class='ocrx_word' id='word_1_55' title='bbox 1227 1050 1267 1113; x_wconf 91' lang='lat' dir='ltr'>ab</span> 
     </span>
     <span class='ocr_line' id='line_1_8' title="bbox 140 1147 1267 1237; baseline 0.006 -26"><span class='ocrx_word' id='word_1_56' title='bbox 140 1147 208 1231; x_wconf 91' lang='lat' dir='ltr'>ipso</span> <span class='ocrx_word' id='word_1_57' title='bbox 236 1149 363 1214; x_wconf 79' lang='lat' dir='ltr'>baluzio</span> <span class='ocrx_word' id='word_1_58' title='bbox 392 1152 425 1214; x_wconf 91' lang='lat' dir='ltr'>et</span> <span class='ocrx_word' id='word_1_59' title='bbox 449 1151 602 1216; x_wconf 87' lang='lat' dir='ltr'>Johannis</span> <span class='ocrx_word' id='word_1_60' title='bbox 628 1152 803 1219; x_wconf 85' lang='lat' dir='ltr'>hialdonati</span> <span class='ocrx_word' id='word_1_61' title='bbox 835 1172 929 1237; x_wconf 91' lang='lat' dir='ltr'>opera</span> <span class='ocrx_word' id='word_1_62' title='bbox 954 1153 1083 1219; x_wconf 89' lang='lat' dir='ltr'>Parisiis</span> <span class='ocrx_word' id='word_1_63' title='bbox 1115 1155 1267 1220; x_wconf 85' lang='lat' dir='ltr'>confecta.</span> 
     </span>
     <span class='ocr_line' id='line_1_9' title="bbox 140 1254 1266 1342; baseline 0.005 -26"><span class='ocrx_word' id='word_1_64' title='bbox 140 1254 278 1318; x_wconf 84' lang='lat' dir='ltr'>exaltare</span> <span class='ocrx_word' id='word_1_65' title='bbox 287 1254 457 1338; x_wconf 90' lang='lat' dir='ltr'>eademque</span> <span class='ocrx_word' id='word_1_66' title='bbox 468 1257 581 1341; x_wconf 87' lang='lat' dir='ltr'>gallica</span> <span class='ocrx_word' id='word_1_67' title='bbox 589 1257 791 1342; x_wconf 88' lang='lat' dir='ltr'>inscriptione</span> <span class='ocrx_word' id='word_1_68' title='bbox 801 1259 968 1325; x_wconf 88' lang='lat' dir='ltr'>edocemur</span> <span class='ocrx_word' id='word_1_69' title='bbox 977 1259 1116 1325; x_wconf 91' lang='lat' dir='ltr'>codicem</span> <span class='ocrx_word' id='word_1_70' title='bbox 1124 1257 1266 1325; x_wconf 91' lang='lat' dir='ltr'>nostrum</span> 
     </span>
     <span class='ocr_line' id='line_1_10' title="bbox 141 1362 1271 1449; baseline 0.005 -26"><span class='ocrx_word' id='word_1_71' title='bbox 141 1363 279 1442; x_wconf 93' lang='lat' dir='ltr'>emptum</span> <span class='ocrx_word' id='word_1_72' title='bbox 302 1379 372 1426; x_wconf 88' lang='lat' dir='ltr'>esse</span> <span class='ocrx_word' id='word_1_73' title='bbox 395 1380 422 1426; x_wconf 88' lang='lat' dir='ltr'>a.</span> <span class='ocrx_word' id='word_1_74' title='bbox 448 1362 531 1428; x_wconf 82' lang='grc'>1729</span> <span class='ocrx_word' id='word_1_75' title='bbox 559 1362 615 1440; x_wconf 90' lang='lat' dir='ltr'>,de</span> <span class='ocrx_word' id='word_1_76' title='bbox 637 1364 738 1429; x_wconf 79' lang='lat' dir='ltr'>labbe</span> <span class='ocrx_word' id='word_1_77' title='bbox 766 1365 934 1430; x_wconf 85' lang='lat' dir='ltr'>Rousseler</span> <span class='ocrx_word' id='word_1_78' title='bbox 959 1365 1068 1430; x_wconf 88' lang='lat' dir='ltr'>ancien</span> <span class='ocrx_word' id='word_1_79' title='bbox 1094 1365 1271 1449; x_wconf 78' lang='lat' dir='ltr'>Theologat</span> 
     </span>
     <span class='ocr_line' id='line_1_11' title="bbox 140 1464 1268 1560; baseline 0.007 -33"><span class='ocrx_word' id='word_1_80' title='bbox 140 1464 179 1528; x_wconf 96' lang='lat' dir='ltr'>de</span> <span class='ocrx_word' id='word_1_81' title='bbox 201 1465 322 1548; x_wconf 90' lang='lat' dir='ltr'>l&#39;eglise</span> <span class='ocrx_word' id='word_1_82' title='bbox 345 1466 417 1530; x_wconf 92' lang='lat' dir='ltr'>coll.</span> <span class='ocrx_word' id='word_1_83' title='bbox 441 1469 474 1531; x_wconf 88' lang='lat' dir='ltr'>et</span> <span class='ocrx_word' id='word_1_84' title='bbox 494 1470 601 1560; x_wconf 85' lang='lat' dir='ltr'>royale</span> <span class='ocrx_word' id='word_1_85' title='bbox 629 1468 666 1535; x_wconf 91' lang='lat' dir='ltr'>de</span> <span class='ocrx_word' id='word_1_86' title='bbox 690 1470 831 1536; x_wconf 88' lang='lat' dir='ltr'>Perenne</span> <span class='ocrx_word' id='word_1_87' title='bbox 855 1490 892 1536; x_wconf 92' lang='lat' dir='ltr'>en</span> <span class='ocrx_word' id='word_1_88' title='bbox 914 1470 1085 1537; x_wconf 84' lang='lat' dir='ltr'>Pioardie.‘</span> <span class='ocrx_word' id='word_1_89' title='bbox 1121 1471 1268 1557; x_wconf 90' lang='lat' dir='ltr'>quoniam</span> 
     </span>
     <span class='ocr_line' id='line_1_12' title="bbox 140 1569 1267 1672; baseline 0.005 -41"><span class='ocrx_word' id='word_1_90' title='bbox 140 1569 304 1632; x_wconf 83' lang='lat' dir='ltr'>Balunium</span> <span class='ocrx_word' id='word_1_91' title='bbox 330 1588 358 1633; x_wconf 92' lang='lat' dir='ltr'>a.</span> <span class='ocrx_word' id='word_1_92' title='bbox 387 1570 583 1635; x_wconf 72' lang='lat' dir='ltr'>wisorem</span> <span class='ocrx_word' id='word_1_93' title='bbox 610 1573 725 1639; x_wconf 86' lang='lat' dir='ltr'>obiisse</span> <span class='ocrx_word' id='word_1_94' title='bbox 752 1594 935 1672; x_wconf 87' lang='lat' dir='ltr'>supremum</span> <span class='ocrx_word' id='word_1_95' title='bbox 962 1575 1094 1650; x_wconf 89' lang='lat' dir='ltr'>constat,</span> <span class='ocrx_word' id='word_1_96' title='bbox 1122 1575 1267 1639; x_wconf 90' lang='lat' dir='ltr'>abbatem</span> 
     </span>
     <span class='ocr_line' id='line_1_13' title="bbox 139 1673 1271 1760; baseline 0.004 -24"><span class='ocrx_word' id='word_1_97' title='bbox 139 1673 232 1737; x_wconf 92' lang='lat' dir='ltr'>illum</span> <span class='ocrx_word' id='word_1_98' title='bbox 242 1675 392 1754; x_wconf 89' lang='lat' dir='ltr'>quantum</span> <span class='ocrx_word' id='word_1_99' title='bbox 403 1673 520 1738; x_wconf 89' lang='lat' dir='ltr'>seimus</span> <span class='ocrx_word' id='word_1_100' title='bbox 531 1673 669 1760; x_wconf 88' lang='lat' dir='ltr'>codicem</span> <span class='ocrx_word' id='word_1_101' title='bbox 682 1679 825 1740; x_wconf 91' lang='lat' dir='ltr'>nostrum</span> <span class='ocrx_word' id='word_1_102' title='bbox 833 1679 1078 1758; x_wconf 84' lang='lat' dir='ltr'>postBaluaium</span> <span class='ocrx_word' id='word_1_103' title='bbox 1088 1677 1271 1758; x_wconf 89' lang='lat' dir='ltr'>pessedisse</span> 
     </span>
    </p>
   </div>
   <div class='ocr_carea' id='block_1_3' title="bbox 141 1778 1272 1963">
    <p class='ocr_par' dir='ltr' id='par_1_3' title="bbox 141 1778 1272 1963">
     <span class='ocr_line' id='line_1_14' title="bbox 141 1778 1272 1862; baseline 0.001 -22"><span class='ocrx_word' id='word_1_104' title='bbox 141 1795 270 1841; x_wconf 87' lang='lat' dir='ltr'>necesse</span> <span class='ocrx_word' id='word_1_105' title='bbox 284 1779 343 1845; x_wconf 88' lang='lat' dir='ltr'>est.</span> <span class='ocrx_word' id='word_1_106' title='bbox 363 1778 419 1841; x_wconf 92' lang='lat' dir='ltr'>sed</span> <span class='ocrx_word' id='word_1_107' title='bbox 437 1797 498 1859; x_wconf 89' lang='lat' dir='ltr'>qua</span> <span class='ocrx_word' id='word_1_108' title='bbox 515 1779 635 1842; x_wconf 90' lang='lat' dir='ltr'>ratione</span> <span class='ocrx_word' id='word_1_109' title='bbox 652 1780 685 1844; x_wconf 94' lang='lat' dir='ltr'>in</span> <span class='ocrx_word' id='word_1_110' title='bbox 703 1799 813 1845; x_wconf 92' lang='lat' dir='ltr'>manus</span> <span class='ocrx_word' id='word_1_111' title='bbox 832 1781 963 1857; x_wconf 84' lang='lat' dir='ltr'>Baluzii,</span> <span class='ocrx_word' id='word_1_112' title='bbox 983 1781 1093 1862; x_wconf 88' lang='lat' dir='ltr'>quain</span> <span class='ocrx_word' id='word_1_113' title='bbox 1109 1781 1272 1844; x_wconf 86' lang='lat' dir='ltr'>Rousselii</span> 
     </span>
     <span class='ocr_line' id='line_1_15' title="bbox 141 1880 1269 1963; baseline -0.001 -18"><span class='ocrx_word' id='word_1_114' title='bbox 141 1880 285 1963; x_wconf 90' lang='lat' dir='ltr'>peruenit</span> <span class='ocrx_word' id='word_1_115' title='bbox 313 1880 407 1945; x_wconf 78' lang='lat' dir='ltr'>codex</span> <span class='ocrx_word' id='word_1_116' title='bbox 433 1881 509 1946; x_wconf 81' lang='lat' dir='ltr'>ille?</span> <span class='ocrx_word' id='word_1_117' title='bbox 540 1880 704 1946; x_wconf 85' lang='lat' dir='ltr'>redeamus</span> <span class='ocrx_word' id='word_1_118' title='bbox 728 1883 767 1946; x_wconf 90' lang='lat' dir='ltr'>ad</span> <span class='ocrx_word' id='word_1_119' title='bbox 789 1884 863 1953; x_wconf 85' lang='lat' dir='ltr'>libri</span> <span class='ocrx_word' id='word_1_120' title='bbox 888 1884 988 1947; x_wconf 89' lang='lat' dir='ltr'>nostri</span> <span class='ocrx_word' id='word_1_121' title='bbox 1013 1883 1211 1958; x_wconf 86' lang='lat' dir='ltr'>incunabula,</span> <span class='ocrx_word' id='word_1_122' title='bbox 1236 1882 1269 1944; x_wconf 90' lang='lat' dir='ltr'>in</span> 
     </span>
    </p>
   </div>
   <div class='ocr_carea' id='block_1_4' title="bbox 140 1985 1355 4275">
    <p class='ocr_par' dir='ltr' id='par_1_4' title="bbox 140 1985 1355 2488">
     <span class='ocr_line' id='line_1_16' title="bbox 142 1985 1271 2069; baseline -0.001 -18"><span class='ocrx_word' id='word_1_123' title='bbox 142 1988 332 2051; x_wconf 89' lang='lat' dir='ltr'>conuentum</span> <span class='ocrx_word' id='word_1_124' title='bbox 360 2005 387 2053; x_wconf 74' lang='lat' dir='ltr'>s.</span> <span class='ocrx_word' id='word_1_125' title='bbox 412 1986 558 2069; x_wconf 81' lang='lat' dir='ltr'>Dionysii</span> <span class='ocrx_word' id='word_1_126' title='bbox 584 1986 758 2052; x_wconf 84' lang='lat' dir='ltr'>Remensis.</span> <span class='ocrx_word' id='word_1_127' title='bbox 785 1986 845 2051; x_wconf 88' lang='lat' dir='ltr'>hae</span> <span class='ocrx_word' id='word_1_128' title='bbox 871 1987 904 2051; x_wconf 91' lang='lat' dir='ltr'>in</span> <span class='ocrx_word' id='word_1_129' title='bbox 927 1988 1003 2051; x_wconf 90' lang='lat' dir='ltr'>urbe</span> <span class='ocrx_word' id='word_1_130' title='bbox 1025 1986 1131 2052; x_wconf 89' lang='lat' dir='ltr'>sedem</span> <span class='ocrx_word' id='word_1_131' title='bbox 1153 1985 1271 2051; x_wconf 88' lang='lat' dir='ltr'>archie-</span> 
     </span>
     <span class='ocr_line' id='line_1_17' title="bbox 141 2089 1272 2174; baseline -0.001 -20"><span class='ocrx_word' id='word_1_132' title='bbox 141 2090 333 2174; x_wconf 88' lang='lat' dir='ltr'>piscopalem</span> <span class='ocrx_word' id='word_1_133' title='bbox 356 2089 493 2154; x_wconf 85' lang='lat' dir='ltr'>obtinuit</span> <span class='ocrx_word' id='word_1_134' title='bbox 514 2089 618 2155; x_wconf 92' lang='lat' dir='ltr'>medio</span> <span class='ocrx_word' id='word_1_135' title='bbox 641 2107 721 2156; x_wconf 92' lang='lat' dir='ltr'>saee.</span> <span class='ocrx_word' id='word_1_136' title='bbox 741 2090 815 2154; x_wconf 89' lang='lat' dir='ltr'>XVI</span> <span class='ocrx_word' id='word_1_137' title='bbox 834 2091 935 2156; x_wconf 71' lang='lat' dir='ltr'>(tarel.</span> <span class='ocrx_word' id='word_1_138' title='bbox 954 2091 1085 2157; x_wconf 80' lang='lat' dir='ltr'>Mauris.</span> <span class='ocrx_word' id='word_1_139' title='bbox 1103 2092 1133 2155; x_wconf 90' lang='lat' dir='ltr'>le</span> <span class='ocrx_word' id='word_1_140' title='bbox 1155 2089 1272 2154; x_wconf 81' lang='lat' dir='ltr'>Tellier</span> 
     </span>
     <span class='ocr_line' id='line_1_18' title="bbox 142 2194 1273 2280; baseline 0 -22"><span class='ocrx_word' id='word_1_141' title='bbox 142 2197 215 2276; x_wconf 76' lang='lat' dir='ltr'>(alr.</span> <span class='ocrx_word' id='word_1_142' title='bbox 233 2194 359 2274; x_wconf 71' lang='lat' dir='ltr'>Delicta,</span> <span class='ocrx_word' id='word_1_143' title='bbox 378 2195 405 2260; x_wconf 86' lang='lat' dir='ltr'>lc</span> <span class='ocrx_word' id='word_1_144' title='bbox 421 2195 540 2260; x_wconf 85' lang='lat' dir='ltr'>cabinet</span> <span class='ocrx_word' id='word_1_145' title='bbox 555 2195 580 2274; x_wconf 91' lang='lat' dir='ltr'>I,</span> <span class='ocrx_word' id='word_1_146' title='bbox 603 2197 695 2280; x_wconf 85' lang='lat'>302),</span> <span class='ocrx_word' id='word_1_147' title='bbox 715 2197 805 2261; x_wconf 88' lang='lat' dir='ltr'>cuius</span> <span class='ocrx_word' id='word_1_148' title='bbox 824 2195 1032 2261; x_wconf 87' lang='lat' dir='ltr'>bibhotheoae</span> <span class='ocrx_word' id='word_1_149' title='bbox 1050 2194 1273 2277; x_wconf 83' lang='lat' dir='ltr'>manuscriptis</span> 
     </span>
     <span class='ocr_line' id='line_1_19' title="bbox 140 2299 1355 2390; baseline -0.004 -24"><span class='ocrx_word' id='word_1_150' title='bbox 140 2302 395 2383; x_wconf 88' lang='lat' dir='ltr'>opulentissimae</span> <span class='ocrx_word' id='word_1_151' title='bbox 411 2302 603 2384; x_wconf 82' lang='lat' dir='ltr'>aliquamdiu</span> <span class='ocrx_word' id='word_1_152' title='bbox 616 2301 752 2384; x_wconf 89' lang='lat' dir='ltr'>praefuit</span> <span class='ocrx_word' id='word_1_153' title='bbox 759 2301 924 2383; x_wconf 91' lang='lat' dir='ltr'>Philippus</span> <span class='ocrx_word' id='word_1_154' title='bbox 936 2300 1054 2365; x_wconf 87' lang='lat' dir='ltr'>Siluius</span> <span class='ocrx_word' id='word_1_155' title='bbox 1064 2299 1137 2381; x_wconf 77' lang='lat' dir='ltr'>(cfr.</span> <span class='ocrx_word' id='word_1_156' title='bbox 1146 2299 1268 2373; x_wconf 77' lang='lat' dir='ltr'>Jocter,</span> <span class='ocrx_word' id='word_1_157' title='bbox 1353 2385 1355 2390; x_wconf 16' lang='grc' dir='ltr'><strong><em>Δ</em></strong></span> 
     </span>
     <span class='ocr_line' id='line_1_20' title="bbox 145 2403 1271 2488; baseline -0.001 -18"><span class='ocrx_word' id='word_1_158' title='bbox 145 2405 425 2470; x_wconf 79' lang='lat' dir='ltr'>Gelebrtcaleca&#39;lcoa</span> <span class='ocrx_word' id='word_1_159' title='bbox 446 2405 501 2483; x_wconf 82' lang='lat' dir='ltr'>IV,</span> <span class='ocrx_word' id='word_1_160' title='bbox 530 2406 621 2488; x_wconf 81' lang='lat'><em>968).</em></span> <span class='ocrx_word' id='word_1_161' title='bbox 648 2406 677 2470; x_wconf 90' lang='lat' dir='ltr'>is</span> <span class='ocrx_word' id='word_1_162' title='bbox 699 2405 750 2469; x_wconf 91' lang='lat' dir='ltr'>uir</span> <span class='ocrx_word' id='word_1_163' title='bbox 772 2404 1004 2469; x_wconf 88' lang='lat' dir='ltr'>eruditissimus</span> <span class='ocrx_word' id='word_1_164' title='bbox 1026 2403 1209 2479; x_wconf 86' lang='lat' dir='ltr'>Maldonati,</span> <span class='ocrx_word' id='word_1_165' title='bbox 1231 2404 1271 2469; x_wconf 87' lang='lat' dir='ltr'>da</span> 
     </span>
    </p>

    <p class='ocr_par' dir='ltr' id='par_1_5' title="bbox 142 2508 1285 4275">
     <span class='ocr_line' id='line_1_21' title="bbox 142 2508 1270 2593; baseline -0.004 -18"><span class='ocrx_word' id='word_1_166' title='bbox 142 2530 203 2593; x_wconf 92' lang='lat' dir='ltr'>qno</span> <span class='ocrx_word' id='word_1_167' title='bbox 217 2529 311 2593; x_wconf 90' lang='lat' dir='ltr'>supra</span> <span class='ocrx_word' id='word_1_168' title='bbox 325 2509 468 2587; x_wconf 82' lang='lat' dir='ltr'>diximus,</span> <span class='ocrx_word' id='word_1_169' title='bbox 483 2509 629 2593; x_wconf 90' lang='lat' dir='ltr'>operibus</span> <span class='ocrx_word' id='word_1_170' title='bbox 644 2508 773 2574; x_wconf 87' lang='lat' dir='ltr'>edendis</span> <span class='ocrx_word' id='word_1_171' title='bbox 793 2508 984 2591; x_wconf 84' lang='lat' dir='ltr'>singularem</span> <span class='ocrx_word' id='word_1_172' title='bbox 997 2525 1129 2572; x_wconf 88' lang='lat' dir='ltr'>nauasse</span> <span class='ocrx_word' id='word_1_173' title='bbox 1144 2525 1270 2590; x_wconf 89' lang='lat' dir='ltr'>operam</span> 
     </span>
     <span class='ocr_line' id='line_1_22' title="bbox 144 2611 1270 2697; baseline -0.004 -16"><span class='ocrx_word' id='word_1_174' title='bbox 144 2617 258 2681; x_wconf 90' lang='lat' dir='ltr'>dicitnr</span> <span class='ocrx_word' id='word_1_175' title='bbox 288 2617 321 2680; x_wconf 90' lang='lat' dir='ltr'>et</span> <span class='ocrx_word' id='word_1_176' title='bbox 351 2635 387 2679; x_wconf 84' lang='lat' dir='ltr'>er</span> <span class='ocrx_word' id='word_1_177' title='bbox 418 2614 558 2680; x_wconf 87' lang='lat' dir='ltr'>eiusdem</span> <span class='ocrx_word' id='word_1_178' title='bbox 589 2613 729 2697; x_wconf 93' lang='lat' dir='ltr'>Philippi</span> <span class='ocrx_word' id='word_1_179' title='bbox 761 2611 853 2678; x_wconf 90' lang='lat' dir='ltr'>Siluii</span> <span class='ocrx_word' id='word_1_180' title='bbox 884 2612 1008 2677; x_wconf 90' lang='lat' dir='ltr'>nomine</span> <span class='ocrx_word' id='word_1_181' title='bbox 1035 2632 1133 2677; x_wconf 91' lang='lat' dir='ltr'>unum</span> <span class='ocrx_word' id='word_1_182' title='bbox 1161 2611 1270 2695; x_wconf 88' lang='lat' dir='ltr'>Optati</span> 
     </span>
     <span class='ocr_line' id='line_1_23' title="bbox 144 2709 1275 2802; baseline -0.005 -15"><span class='ocrx_word' id='word_1_183' title='bbox 144 2721 284 2787; x_wconf 88' lang='lat' dir='ltr'>codicem</span> <span class='ocrx_word' id='word_1_184' title='bbox 312 2723 478 2801; x_wconf 67' lang='lat' dir='ltr'>nuncupat,</span> <span class='ocrx_word' id='word_1_185' title='bbox 494 2721 662 2802; x_wconf 90' lang='lat' dir='ltr'>aninius,</span> <span class='ocrx_word' id='word_1_186' title='bbox 690 2709 785 2799; x_wconf 90' lang='lat' dir='ltr'>quem</span> <span class='ocrx_word' id='word_1_187' title='bbox 811 2719 933 2799; x_wconf 91' lang='lat' dir='ltr'>praeter</span> <span class='ocrx_word' id='word_1_188' title='bbox 958 2717 1096 2799; x_wconf 90' lang='lat' dir='ltr'>reliquos</span> <span class='ocrx_word' id='word_1_189' title='bbox 1124 2720 1275 2800; x_wconf 89' lang='lat' dir='ltr'>quattuor</span> 
     </span>
     <span class='ocr_line' id='line_1_24' title="bbox 144 2820 1272 2907; baseline -0.004 -17"><span class='ocrx_word' id='word_1_190' title='bbox 144 2828 176 2890; x_wconf 91' lang='lat' dir='ltr'>in</span> <span class='ocrx_word' id='word_1_191' title='bbox 204 2825 339 2890; x_wconf 90' lang='lat' dir='ltr'>editione</span> <span class='ocrx_word' id='word_1_192' title='bbox 368 2842 425 2889; x_wconf 91' lang='lat' dir='ltr'>sua</span> <span class='ocrx_word' id='word_1_193' title='bbox 453 2825 629 2890; x_wconf 84' lang='lat' dir='ltr'>adornanda</span> <span class='ocrx_word' id='word_1_194' title='bbox 655 2826 697 2906; x_wconf 88' lang='lat' dir='ltr'>(a.</span> <span class='ocrx_word' id='word_1_195' title='bbox 726 2823 812 2888; x_wconf 86' lang='lat'>1700</span> <span class='ocrx_word' id='word_1_196' title='bbox 840 2825 872 2888; x_wconf 92' lang='lat' dir='ltr'>et</span> <span class='ocrx_word' id='word_1_197' title='bbox 899 2820 1002 2907; x_wconf 85' lang='grc' dir='ltr'>1702)Ι</span> <span class='ocrx_word' id='word_1_198' title='bbox 1031 2822 1182 2888; x_wconf 87' lang='lat' dir='ltr'>adhibuit.</span> <span class='ocrx_word' id='word_1_199' title='bbox 1216 2823 1272 2906; x_wconf 91' lang='lat' dir='ltr'>qui</span> 
     </span>
     <span class='ocr_line' id='line_1_25' title="bbox 146 2927 1275 3013; baseline -0.004 -18"><span class='ocrx_word' id='word_1_200' title='bbox 146 2931 251 2996; x_wconf 22' lang='lat' dir='ltr'>codex,</span> <span class='ocrx_word' id='word_1_201' title='bbox 277 2932 336 2995; x_wconf 92' lang='lat' dir='ltr'>sub</span> <span class='ocrx_word' id='word_1_202' title='bbox 363 2929 504 3013; x_wconf 91' lang='lat' dir='ltr'>Philippi</span> <span class='ocrx_word' id='word_1_203' title='bbox 532 2928 625 2994; x_wconf 86' lang='lat' dir='ltr'>Siluii</span> <span class='ocrx_word' id='word_1_204' title='bbox 655 2927 779 2992; x_wconf 91' lang='lat' dir='ltr'>nomine</span> <span class='ocrx_word' id='word_1_205' title='bbox 811 2928 992 3010; x_wconf 88' lang='lat' dir='ltr'>deperditus</span> <span class='ocrx_word' id='word_1_206' title='bbox 1022 2929 1206 3005; x_wconf 89' lang='lat' dir='ltr'>renascitur,</span> <span class='ocrx_word' id='word_1_207' title='bbox 1236 2930 1275 2990; x_wconf 87' lang='lat' dir='ltr'>nt</span> 
     </span>
     <span class='ocr_line' id='line_1_26' title="bbox 146 3032 1275 3115; baseline -0.005 -14"><span class='ocrx_word' id='word_1_208' title='bbox 146 3037 224 3101; x_wconf 91' lang='lat' dir='ltr'>mihi</span> <span class='ocrx_word' id='word_1_209' title='bbox 250 3036 386 3111; x_wconf 90' lang='lat' dir='ltr'>uidetur,</span> <span class='ocrx_word' id='word_1_210' title='bbox 415 3035 512 3100; x_wconf 84' lang='lat' dir='ltr'>codex</span> <span class='ocrx_word' id='word_1_211' title='bbox 539 3032 739 3097; x_wconf 83' lang='lat' dir='ltr'>Balunianus.</span> <span class='ocrx_word' id='word_1_212' title='bbox 767 3052 840 3097; x_wconf 90' lang='lat' dir='ltr'>nam</span> <span class='ocrx_word' id='word_1_213' title='bbox 867 3053 928 3099; x_wconf 91' lang='lat' dir='ltr'>non</span> <span class='ocrx_word' id='word_1_214' title='bbox 957 3033 1061 3098; x_wconf 92' lang='lat' dir='ltr'>solum</span> <span class='ocrx_word' id='word_1_215' title='bbox 1088 3051 1166 3115; x_wconf 91' lang='lat' dir='ltr'>quae</span> <span class='ocrx_word' id='word_1_216' title='bbox 1192 3032 1275 3096; x_wconf 87' lang='lat' dir='ltr'>inter</span> 
     </span>
     <span class='ocr_line' id='line_1_27' title="bbox 147 3137 1277 3208; baseline -0.006 -2"><span class='ocrx_word' id='word_1_217' title='bbox 147 3142 333 3206; x_wconf 88' lang='lat' dir='ltr'>Remensem</span> <span class='ocrx_word' id='word_1_218' title='bbox 356 3142 389 3204; x_wconf 92' lang='lat' dir='ltr'>et</span> <span class='ocrx_word' id='word_1_219' title='bbox 417 3138 625 3204; x_wconf 85' lang='lat' dir='ltr'>Baluaiannm</span> <span class='ocrx_word' id='word_1_220' title='bbox 656 3137 822 3202; x_wconf 88' lang='lat' dir='ltr'>intercedit</span> <span class='ocrx_word' id='word_1_221' title='bbox 852 3138 1052 3203; x_wconf 87' lang='lat' dir='ltr'>necessitudo</span> <span class='ocrx_word' id='word_1_222' title='bbox 1085 3138 1193 3208; x_wconf 87' lang='lat' dir='ltr'>eadem</span> <span class='ocrx_word' id='word_1_223' title='bbox 1224 3139 1277 3206; x_wconf 89' lang='lat' dir='ltr'>est</span> 
     </span>
     <span class='ocr_line' id='line_1_28' title="bbox 148 3241 1274 3329; baseline -0.006 -18"><span class='ocrx_word' id='word_1_224' title='bbox 148 3250 242 3329; x_wconf 89' lang='lat' dir='ltr'>atque</span> <span class='ocrx_word' id='word_1_225' title='bbox 274 3246 375 3312; x_wconf 86' lang='lat' dir='ltr'>codici</span> <span class='ocrx_word' id='word_1_226' title='bbox 400 3244 541 3327; x_wconf 91' lang='lat' dir='ltr'>Philippi</span> <span class='ocrx_word' id='word_1_227' title='bbox 569 3243 661 3308; x_wconf 86' lang='lat' dir='ltr'>Siluii</span> <span class='ocrx_word' id='word_1_228' title='bbox 691 3262 709 3307; x_wconf 93' lang='lat' dir='ltr'>a</span> <span class='ocrx_word' id='word_1_229' title='bbox 739 3242 877 3327; x_wconf 91' lang='lat' dir='ltr'>Dupinio</span> <span class='ocrx_word' id='word_1_230' title='bbox 902 3242 1062 3307; x_wconf 69' lang='lat' dir='ltr'>‚attributa</span> <span class='ocrx_word' id='word_1_231' title='bbox 1093 3242 1150 3308; x_wconf 94' lang='lat' dir='ltr'>sed</span> <span class='ocrx_word' id='word_1_232' title='bbox 1180 3241 1274 3306; x_wconf 89' lang='lat' dir='ltr'>etiam</span> 
     </span>
     <span class='ocr_line' id='line_1_29' title="bbox 146 3346 1276 3433; baseline -0.006 -17"><span class='ocrx_word' id='word_1_233' title='bbox 146 3358 228 3433; x_wconf 87' lang='lat' dir='ltr'>&#39;quae</span> <span class='ocrx_word' id='word_1_234' title='bbox 255 3351 287 3415; x_wconf 91' lang='lat' dir='ltr'>in</span> <span class='ocrx_word' id='word_1_235' title='bbox 318 3351 379 3415; x_wconf 91' lang='lat' dir='ltr'>alio</span> <span class='ocrx_word' id='word_1_236' title='bbox 411 3349 519 3414; x_wconf 89' lang='lat' dir='ltr'>codice</span> <span class='ocrx_word' id='word_1_237' title='bbox 540 3347 691 3424; x_wconf 88' lang='lat' dir='ltr'>Parisino,</span> <span class='ocrx_word' id='word_1_238' title='bbox 724 3347 762 3412; x_wconf 93' lang='lat' dir='ltr'>de</span> <span class='ocrx_word' id='word_1_239' title='bbox 794 3366 854 3429; x_wconf 91' lang='lat' dir='ltr'>quo</span> <span class='ocrx_word' id='word_1_240' title='bbox 885 3350 997 3430; x_wconf 87' lang='lat' dir='ltr'>postea</span> <span class='ocrx_word' id='word_1_241' title='bbox 1034 3346 1276 3428; x_wconf 88' lang='lat' dir='ltr'>disputabimus,</span> 
     </span>
     <span class='ocr_line' id='line_1_30' title="bbox 150 3452 1278 3540; baseline -0.005 -20"><span class='ocrx_word' id='word_1_242' title='bbox 150 3457 219 3521; x_wconf 89' lang='lat' dir='ltr'>dico</span> <span class='ocrx_word' id='word_1_243' title='bbox 235 3456 532 3540; x_wconf 75' lang='lat' dir='ltr'>sangermanensem</span> <span class='ocrx_word' id='word_1_244' title='bbox 545 3474 590 3517; x_wconf 92' lang='lat' dir='ltr'>nr.</span> <span class='ocrx_word' id='word_1_245' title='bbox 607 3454 723 3530; x_wconf 85' lang='lat'>11623,</span> <span class='ocrx_word' id='word_1_246' title='bbox 747 3472 783 3517; x_wconf 83' lang='lat' dir='ltr'>ex</span> <span class='ocrx_word' id='word_1_247' title='bbox 801 3452 940 3517; x_wconf 86' lang='lat' dir='ltr'>Siluiano</span> <span class='ocrx_word' id='word_1_248' title='bbox 959 3452 1102 3534; x_wconf 84' lang='lat' dir='ltr'>excerpta</span> <span class='ocrx_word' id='word_1_249' title='bbox 1118 3452 1278 3534; x_wconf 85' lang='lat' dir='ltr'>leguntur,</span> 
     </span>
     <span class='ocr_line' id='line_1_31' title="bbox 151 3554 1276 3644; baseline -0.004 -20"><span class='ocrx_word' id='word_1_250' title='bbox 151 3561 215 3626; x_wconf 84' lang='lat' dir='ltr'>iere</span> <span class='ocrx_word' id='word_1_251' title='bbox 242 3561 359 3644; x_wconf 88' lang='lat' dir='ltr'>ubique</span> <span class='ocrx_word' id='word_1_252' title='bbox 382 3577 453 3626; x_wconf 89' lang='lat' dir='ltr'>cum</span> <span class='ocrx_word' id='word_1_253' title='bbox 475 3559 638 3624; x_wconf 86' lang='lat' dir='ltr'>Baluaiani</span> <span class='ocrx_word' id='word_1_254' title='bbox 664 3558 854 3624; x_wconf 88' lang='lat' dir='ltr'>lectionibus</span> <span class='ocrx_word' id='word_1_255' title='bbox 874 3554 1077 3634; x_wconf 79' lang='lat' dir='ltr'>&#39;concordant</span> <span class='ocrx_word' id='word_1_256' title='bbox 1105 3555 1276 3621; x_wconf 85' lang='lat' dir='ltr'>uerisimile</span> 
     </span>
     <span class='ocr_line' id='line_1_32' title="bbox 151 3661 1278 3750; baseline -0.004 -21"><span class='ocrx_word' id='word_1_257' title='bbox 151 3666 251 3750; x_wconf 85' lang='lat' dir='ltr'>igitur</span> <span class='ocrx_word' id='word_1_258' title='bbox 266 3668 315 3729; x_wconf 90' lang='grc'>661</span> <span class='ocrx_word' id='word_1_259' title='bbox 328 3665 463 3730; x_wconf 82' lang='lat' dir='ltr'>Siluium</span> <span class='ocrx_word' id='word_1_260' title='bbox 480 3665 689 3729; x_wconf 90' lang='lat' dir='ltr'>bibliothecae</span> <span class='ocrx_word' id='word_1_261' title='bbox 703 3663 894 3728; x_wconf 80' lang='lat' dir='ltr'>Tellerianae</span> <span class='ocrx_word' id='word_1_262' title='bbox 909 3661 1072 3727; x_wconf 87' lang='lat' dir='ltr'>Remensis</span> <span class='ocrx_word' id='word_1_263' title='bbox 1086 3661 1278 3744; x_wconf 87' lang='lat' dir='ltr'>aliquamdiu</span> 
     </span>
     <span class='ocr_line' id='line_1_33' title="bbox 155 3765 1285 3853; baseline -0.005 -18"><span class='ocrx_word' id='word_1_264' title='bbox 155 3771 326 3853; x_wconf 84' lang='lat' dir='ltr'>antistitem</span> <span class='ocrx_word' id='word_1_265' title='bbox 349 3790 398 3849; x_wconf 82' lang='lat' dir='ltr'>er</span> <span class='ocrx_word' id='word_1_266' title='bbox 424 3770 504 3834; x_wconf 91' lang='lat' dir='ltr'>libro</span> <span class='ocrx_word' id='word_1_267' title='bbox 537 3769 679 3834; x_wconf 89' lang='lat' dir='ltr'>abbatiae</span> <span class='ocrx_word' id='word_1_268' title='bbox 712 3788 737 3834; x_wconf 90' lang='grc'>6.</span> <span class='ocrx_word' id='word_1_269' title='bbox 765 3767 951 3833; x_wconf 84' lang='lat' dir='ltr'>Theoderici</span> <span class='ocrx_word' id='word_1_270' title='bbox 975 3767 1137 3833; x_wconf 84' lang='lat' dir='ltr'>Remensis</span> <span class='ocrx_word' id='word_1_271' title='bbox 1170 3765 1285 3850; x_wconf 85' lang='lat' dir='ltr'>Optati·</span> 
     </span>
     <span class='ocr_line' id='line_1_34' title="bbox 155 3874 1277 3960; baseline -0.005 -18"><span class='ocrx_word' id='word_1_272' title='bbox 155 3895 248 3960; x_wconf 91' lang='lat' dir='ltr'>opera</span> <span class='ocrx_word' id='word_1_273' title='bbox 274 3876 327 3940; x_wconf 91' lang='lat' dir='ltr'>uel</span> <span class='ocrx_word' id='word_1_274' title='bbox 352 3875 457 3959; x_wconf 91' lang='lat' dir='ltr'>ipsum</span> <span class='ocrx_word' id='word_1_275' title='bbox 485 3875 686 3960; x_wconf 84' lang='lat' dir='ltr'>exscripsisse</span> <span class='ocrx_word' id='word_1_276' title='bbox 717 3876 770 3940; x_wconf 91' lang='lat' dir='ltr'>uel</span> <span class='ocrx_word' id='word_1_277' title='bbox 798 3874 997 3940; x_wconf 79' lang='lat' dir='ltr'>exscribenda</span> <span class='ocrx_word' id='word_1_278' title='bbox 1037 3893 1173 3951; x_wconf 87' lang='lat' dir='ltr'>curasse,</span> <span class='ocrx_word' id='word_1_279' title='bbox 1214 3891 1277 3954; x_wconf 92' lang='lat' dir='ltr'>quo</span> 
     </span>
     <span class='ocr_line' id='line_1_35' title="bbox 155 3979 1278 4063; baseline -0.007 -16"><span class='ocrx_word' id='word_1_280' title='bbox 155 3980 320 4063; x_wconf 85' lang='lat' dir='ltr'>exemplari</span> <span class='ocrx_word' id='word_1_281' title='bbox 350 3999 428 4045; x_wconf 89' lang='lat' dir='ltr'>usus</span> <span class='ocrx_word' id='word_1_282' title='bbox 460 3984 510 4045; x_wconf 89' lang='lat' dir='ltr'>est</span> <span class='ocrx_word' id='word_1_283' title='bbox 541 3980 708 4063; x_wconf 87' lang='lat' dir='ltr'>Dupinins.</span> <span class='ocrx_word' id='word_1_284' title='bbox 738 3998 811 4045; x_wconf 83' lang='lat' dir='ltr'>mox</span> <span class='ocrx_word' id='word_1_285' title='bbox 840 3979 956 4044; x_wconf 51' lang='lat' dir='ltr'>hunoe¹</span> <span class='ocrx_word' id='word_1_286' title='bbox 972 3980 1087 4044; x_wconf 88' lang='lat' dir='ltr'>librum</span> <span class='ocrx_word' id='word_1_287' title='bbox 1118 3979 1149 4042; x_wconf 93' lang='lat' dir='ltr'>in</span> <span class='ocrx_word' id='word_1_288' title='bbox 1186 3995 1278 4041; x_wconf 88' lang='lat' dir='ltr'>suam</span> 
     </span>
     <span class='ocr_line' id='line_1_36' title="bbox 155 4081 1279 4172; baseline -0.006 -23"><span class='ocrx_word' id='word_1_289' title='bbox 155 4085 378 4150; x_wconf 87' lang='lat' dir='ltr'>bibliothecam</span> <span class='ocrx_word' id='word_1_290' title='bbox 408 4086 533 4172; x_wconf 88' lang='lat' dir='ltr'>rettulit</span> <span class='ocrx_word' id='word_1_291' title='bbox 554 4085 717 4159; x_wconf 80' lang='lat' dir='ltr'>Baluzius,</span> <span class='ocrx_word' id='word_1_292' title='bbox 744 4083 984 4170; x_wconf 66' lang='lat' dir='ltr'>qui‘indefesso</span> <span class='ocrx_word' id='word_1_293' title='bbox 1017 4083 1121 4150; x_wconf 90' lang='lat' dir='ltr'>studio</span> <span class='ocrx_word' id='word_1_294' title='bbox 1153 4081 1279 4146; x_wconf 88' lang='lat' dir='ltr'>codices</span> 
     </span>
     <span class='ocr_line' id='line_1_37' title="bbox 156 4185 1279 4275; baseline -0.004 -22"><span class='ocrx_word' id='word_1_295' title='bbox 156 4189 302 4272; x_wconf 87' lang='lat' dir='ltr'>antiquos</span> <span class='ocrx_word' id='word_1_296' title='bbox 324 4190 424 4275; x_wconf 88' lang='lat' dir='ltr'>totam</span> <span class='ocrx_word' id='word_1_297' title='bbox 444 4207 501 4271; x_wconf 89' lang='lat' dir='ltr'>per</span> <span class='ocrx_word' id='word_1_298' title='bbox 522 4190 619 4253; x_wconf 85' lang='lat' dir='ltr'>uitam</span> <span class='ocrx_word' id='word_1_299' title='bbox 642 4192 776 4254; x_wconf 89' lang='lat' dir='ltr'>uenatus</span> <span class='ocrx_word' id='word_1_300' title='bbox 788 4189 831 4253; x_wconf 92' lang='lat' dir='ltr'>in</span> <span class='ocrx_word' id='word_1_301' title='bbox 854 4188 1041 4272; x_wconf 82' lang='lat' dir='ltr'>apographis</span> <span class='ocrx_word' id='word_1_302' title='bbox 1062 4189 1131 4250; x_wconf 90' lang='lat' dir='ltr'>tum</span> <span class='ocrx_word' id='word_1_303' title='bbox 1150 4185 1279 4249; x_wconf 88' lang='lat' dir='ltr'>demum</span> 
     </span>
    </p>
   </div>
   <div class='ocr_carea' id='block_1_5' title="bbox 0 0 1537 4656">
    <p class='ocr_par' dir='ltr' id='par_1_6' title="bbox 0 0 1537 4656">
     <span class='ocr_line' id='line_1_38' title="bbox 0 0 1537 4656; baseline 0 0"><span class='ocrx_word' id='word_1_304' title='bbox 0 0 1537 4656; x_wconf 95' lang='lat' dir='ltr'> </span> 
     </span>
    </p>
   </div>
  </div>
 </body>
</html>
