<?xml version="1.0" encoding="UTF-8"?>
<!DOCTYPE html PUBLIC "-//W3C//DTD XHTML 1.0 Transitional//EN"
    "http://www.w3.org/TR/xhtml1/DTD/xhtml1-transitional.dtd">
<html xmlns="http://www.w3.org/1999/xhtml" xml:lang="en" lang="en">
 <head>
  <title>
</title>
<meta http-equiv="Content-Type" content="text/html;charset=utf-8" />
  <meta name='ocr-system' content='tesseract 3.04.00' />
  <meta name='ocr-capabilities' content='ocr_page ocr_carea ocr_par ocr_line ocrx_word'/>
</head>
<body>
  <div class='ocr_page' id='page_1' title='image "./soptatimilevita00ziwsgoog_0063.png"; bbox 0 0 3044 4656; ppageno 0'>
   <div class='ocr_carea' id='block_1_1' title="bbox 195 357 958 430">
    <p class='ocr_par' dir='ltr' id='par_1_1' title="bbox 195 357 958 430">
     <span class='ocr_line' id='line_1_1' title="bbox 195 357 958 430; baseline -0.007 -14"><span class='ocrx_word' id='word_1_1' title='bbox 195 369 215 430; x_wconf 83' lang='grc'>6</span> <span class='ocrx_word' id='word_1_2' title='bbox 515 361 540 414; x_wconf 87' lang='lat' dir='ltr'>S.</span> <span class='ocrx_word' id='word_1_3' title='bbox 569 357 707 430; x_wconf 78' lang='lat' dir='ltr'>optati</span> <span class='ocrx_word' id='word_1_4' title='bbox 732 358 958 412; x_wconf 80' lang='lat' dir='ltr'>Milonitani</span> 
     </span>
    </p>
   </div>
   <div class='ocr_carea' id='block_1_2' title="bbox 195 554 1368 2740">
    <p class='ocr_par' dir='ltr' id='par_1_2' title="bbox 195 554 1368 2740">
     <span class='ocr_line' id='line_1_2' title="bbox 195 554 1308 642; baseline -0.006 -16"><span class='ocrx_word' id='word_1_5' title='bbox 195 560 361 642; x_wconf 78' lang='lat' dir='ltr'>collegium</span> <span class='ocrx_word' id='word_1_6' title='bbox 390 557 564 640; x_wconf 80' lang='lat' dir='ltr'>episcopale</span> <span class='ocrx_word' id='word_1_7' title='bbox 591 557 701 621; x_wconf 91' lang='lat' dir='ltr'>nolunt</span> <span class='ocrx_word' id='word_1_8' title='bbox 727 555 889 620; x_wconf 90' lang='lat' dir='ltr'>nobiscum</span> <span class='ocrx_word' id='word_1_9' title='bbox 916 554 1029 618; x_wconf 88' lang='lat' dir='ltr'>habere</span> <span class='ocrx_word' id='word_1_10' title='bbox 1052 573 1225 622; x_wconf 86' lang='lat' dir='ltr'>commune.</span> <span class='ocrx_word' id='word_1_11' title='bbox 1248 575 1308 621; x_wconf 92' lang='lat' dir='ltr'>non</span> 
     </span>
     <span class='ocr_line' id='line_1_3' title="bbox 196 659 1310 748; baseline -0.004 -16"><span class='ocrx_word' id='word_1_12' title='bbox 196 666 260 732; x_wconf 88' lang='lat' dir='ltr'>sint</span> <span class='ocrx_word' id='word_1_13' title='bbox 292 665 440 748; x_wconf 82' lang='lat' dir='ltr'>collegae,</span> <span class='ocrx_word' id='word_1_14' title='bbox 473 662 500 727; x_wconf 92' lang='lat' dir='ltr'>si</span> <span class='ocrx_word' id='word_1_15' title='bbox 532 663 659 736; x_wconf 81' lang='lat' dir='ltr'>nolunt3</span> <span class='ocrx_word' id='word_1_16' title='bbox 692 664 806 736; x_wconf 78' lang='lat' dir='ltr'>tamen,</span> <span class='ocrx_word' id='word_1_17' title='bbox 839 663 874 724; x_wconf 90' lang='lat' dir='ltr'>ut</span> <span class='ocrx_word' id='word_1_18' title='bbox 906 679 999 742; x_wconf 90' lang='lat' dir='ltr'>supra</span> <span class='ocrx_word' id='word_1_19' title='bbox 1030 659 1174 740; x_wconf 80' lang='lat' dir='ltr'><strong>diximus,</strong></span> <span class='ocrx_word' id='word_1_20' title='bbox 1202 664 1310 727; x_wconf 82' lang='lat' dir='ltr'>fratres</span> 
     </span>
     <span class='ocr_line' id='line_1_4' title="bbox 196 767 1313 851; baseline -0.006 -14"><span class='ocrx_word' id='word_1_21' title='bbox 196 773 279 837; x_wconf 87' lang='lat' dir='ltr'>sunt.</span> <span class='ocrx_word' id='word_1_22' title='bbox 302 771 396 834; x_wconf 85' lang='lat' dir='ltr'>frater</span> <span class='ocrx_word' id='word_1_23' title='bbox 417 786 506 832; x_wconf 91' lang='lat' dir='ltr'>meus</span> <span class='ocrx_word' id='word_1_24' title='bbox 529 768 627 851; x_wconf 90' lang='lat' dir='ltr'>igitur</span> <span class='ocrx_word' id='word_1_25' title='bbox 648 767 879 844; x_wconf 77' lang='lat' dir='ltr'>Pannoniaque,</span> <span class='ocrx_word' id='word_1_26' title='bbox 902 786 939 830; x_wconf 91' lang='lat' dir='ltr'>ne</span> <span class='ocrx_word' id='word_1_27' title='bbox 962 770 1093 830; x_wconf 89' lang='lat' dir='ltr'>uentose</span> <span class='ocrx_word' id='word_1_28' title='bbox 1116 785 1151 830; x_wconf 86' lang='lat' dir='ltr'>ac</span> <span class='ocrx_word' id='word_1_29' title='bbox 1173 767 1254 830; x_wconf 91' lang='lat' dir='ltr'>nude</span> <span class='ocrx_word' id='word_1_30' title='bbox 1276 770 1313 830; x_wconf 86' lang='lat' dir='ltr'>ut</span> 
     </span>
     <span class='ocr_line' id='line_1_5' title="bbox 196 871 1313 958; baseline -0.007 -15"><span class='ocrx_word' id='word_1_31' title='bbox 196 878 290 943; x_wconf 88' lang='lat' dir='ltr'>ceteri</span> <span class='ocrx_word' id='word_1_32' title='bbox 312 877 500 958; x_wconf 82' lang='lat' dir='ltr'>loqueretur,</span> <span class='ocrx_word' id='word_1_33' title='bbox 525 872 672 956; x_wconf 92' lang='lat' dir='ltr'>quicquid</span> <span class='ocrx_word' id='word_1_34' title='bbox 696 873 809 937; x_wconf 88' lang='lat' dir='ltr'>sentire</span> <span class='ocrx_word' id='word_1_35' title='bbox 831 872 944 954; x_wconf 83' lang='lat' dir='ltr'>potuit,</span> <span class='ocrx_word' id='word_1_36' title='bbox 963 890 1023 936; x_wconf 91' lang='lat' dir='ltr'>non</span> <span class='ocrx_word' id='word_1_37' title='bbox 1043 872 1144 935; x_wconf 93' lang='lat' dir='ltr'>solum</span> <span class='ocrx_word' id='word_1_38' title='bbox 1163 871 1240 936; x_wconf 80' lang='lat' dir='ltr'>dixit</span> <span class='ocrx_word' id='word_1_39' title='bbox 1257 873 1313 937; x_wconf 91' lang='lat' dir='ltr'>sed</span> 
     </span>
     <span class='ocr_line' id='line_1_6' title="bbox 198 976 1353 1062; baseline -0.007 -16"><span class='ocrx_word' id='word_1_40' title='bbox 198 983 292 1046; x_wconf 86' lang='lat' dir='ltr'>etiam</span> <span class='ocrx_word' id='word_1_41' title='bbox 314 982 346 1045; x_wconf 93' lang='lat' dir='ltr'>in</span> <span class='ocrx_word' id='word_1_42' title='bbox 371 980 524 1062; x_wconf 87' lang='lat' dir='ltr'>scriptura</span> <span class='ocrx_word' id='word_1_43' title='bbox 542 978 682 1062; x_wconf 84' lang='lat' dir='ltr'>digessit.</span> <span class='ocrx_word' id='word_1_44' title='bbox 707 980 796 1042; x_wconf 88' lang='lat' dir='ltr'>cuius</span> <span class='ocrx_word' id='word_1_45' title='bbox 819 978 911 1041; x_wconf 84' lang='lat' dir='ltr'>dictis</span> <span class='ocrx_word' id='word_1_46' title='bbox 934 997 1004 1041; x_wconf 91' lang='lat' dir='ltr'>cum</span> <span class='ocrx_word' id='word_1_47' title='bbox 1027 976 1211 1058; x_wconf 84' lang='lat' dir='ltr'>respondere</span> <span class='ocrx_word' id='word_1_48' title='bbox 1234 977 1312 1041; x_wconf 83' lang='lat' dir='ltr'>ueii·</span> <span class='ocrx_word' id='word_1_49' title='bbox 1341 999 1353 1038; x_wconf 79' lang='grc' dir='ltr'>ι</span> 
     </span>
     <span class='ocr_line' id='line_1_7' title="bbox 196 1082 1312 1170; baseline -0.004 -21"><span class='ocrx_word' id='word_1_50' title='bbox 196 1089 261 1150; x_wconf 86' lang='lat' dir='ltr'>tate</span> <span class='ocrx_word' id='word_1_51' title='bbox 285 1087 414 1170; x_wconf 89' lang='lat' dir='ltr'>cogente</span> <span class='ocrx_word' id='word_1_52' title='bbox 438 1084 653 1166; x_wconf 85' lang='lat' dir='ltr'>conpellimur,</span> <span class='ocrx_word' id='word_1_53' title='bbox 677 1083 736 1148; x_wconf 89' lang='lat' dir='ltr'>erit</span> <span class='ocrx_word' id='word_1_54' title='bbox 756 1084 836 1147; x_wconf 89' lang='lat' dir='ltr'>inter</span> <span class='ocrx_word' id='word_1_55' title='bbox 857 1101 914 1148; x_wconf 88' lang='lat' dir='ltr'>nos</span> <span class='ocrx_word' id='word_1_56' title='bbox 932 1083 1076 1146; x_wconf 87' lang='lat' dir='ltr'>absentes</span> <span class='ocrx_word' id='word_1_57' title='bbox 1095 1082 1312 1163; x_wconf 87' lang='lat' dir='ltr'>quoquomodo</span> 
     </span>
     <span class='ocr_line' id='line_1_8' title="bbox 197 1187 1313 1270; baseline -0.005 -15"><span class='ocrx_word' id='word_1_58' title='bbox 197 1193 342 1256; x_wconf 90' lang='lat' dir='ltr'>conlatio.</span> <span class='ocrx_word' id='word_1_59' title='bbox 366 1191 474 1255; x_wconf 87' lang='lat' dir='ltr'>eodem</span> <span class='ocrx_word' id='word_1_60' title='bbox 498 1191 590 1256; x_wconf 92' lang='lat' dir='ltr'>modo</span> <span class='ocrx_word' id='word_1_61' title='bbox 619 1190 751 1254; x_wconf 88' lang='lat' dir='ltr'>satisfiet</span> <span class='ocrx_word' id='word_1_62' title='bbox 778 1193 809 1254; x_wconf 91' lang='lat' dir='ltr'>et</span> <span class='ocrx_word' id='word_1_63' title='bbox 836 1188 998 1253; x_wconf 84' lang='lat' dir='ltr'>desideriis</span> <span class='ocrx_word' id='word_1_64' title='bbox 1025 1187 1209 1270; x_wconf 89' lang='lat' dir='ltr'>aliquorum.</span> <span class='ocrx_word' id='word_1_65' title='bbox 1241 1205 1313 1250; x_wconf 88' lang='lat' dir='ltr'>nam</span> 
     </span>
     <span class='ocr_line' id='line_1_9' title="bbox 197 1291 1312 1378; baseline -0.005 -18"><span class='ocrx_word' id='word_1_66' title='bbox 197 1315 215 1360; x_wconf 93' lang='lat' dir='ltr'>a</span> <span class='ocrx_word' id='word_1_67' title='bbox 237 1296 345 1359; x_wconf 84' lang='lat' dir='ltr'>multis</span> <span class='ocrx_word' id='word_1_68' title='bbox 370 1314 460 1378; x_wconf 86' lang='lat' dir='ltr'>saepe</span> <span class='ocrx_word' id='word_1_69' title='bbox 484 1296 692 1360; x_wconf 88' lang='lat' dir='ltr'>desideratum</span> <span class='ocrx_word' id='word_1_70' title='bbox 717 1298 774 1372; x_wconf 83' lang='lat' dir='ltr'>ost,</span> <span class='ocrx_word' id='word_1_71' title='bbox 797 1297 834 1357; x_wconf 89' lang='lat' dir='ltr'>nt</span> <span class='ocrx_word' id='word_1_72' title='bbox 852 1294 891 1358; x_wconf 87' lang='lat' dir='ltr'>ad</span> <span class='ocrx_word' id='word_1_73' title='bbox 909 1294 1074 1358; x_wconf 87' lang='lat' dir='ltr'>eruendam</span> <span class='ocrx_word' id='word_1_74' title='bbox 1091 1292 1257 1357; x_wconf 89' lang='lat' dir='ltr'>ueritatem</span> <span class='ocrx_word' id='word_1_75' title='bbox 1275 1291 1312 1354; x_wconf 88' lang='lat' dir='ltr'>ab</span> 
     </span>
     <span class='ocr_line' id='line_1_10' title="bbox 197 1395 1314 1483; baseline -0.004 -19"><span class='ocrx_word' id='word_1_76' title='bbox 197 1400 353 1482; x_wconf 82' lang='lat' dir='ltr'>aliquibus</span> <span class='ocrx_word' id='word_1_77' title='bbox 382 1401 596 1466; x_wconf 82' lang='lat' dir='ltr'>defensoribus</span> <span class='ocrx_word' id='word_1_78' title='bbox 623 1400 759 1483; x_wconf 88' lang='lat' dir='ltr'>partium</span> <span class='ocrx_word' id='word_1_79' title='bbox 787 1399 951 1464; x_wconf 87' lang='lat' dir='ltr'>conflictus</span> <span class='ocrx_word' id='word_1_80' title='bbox 983 1399 1156 1464; x_wconf 87' lang='lat' dir='ltr'>haberetur.</span> <span class='ocrx_word' id='word_1_81' title='bbox 1191 1400 1223 1461; x_wconf 90' lang='lat' dir='ltr'>ct</span> <span class='ocrx_word' id='word_1_82' title='bbox 1248 1395 1314 1460; x_wconf 89' lang='lat' dir='ltr'>fieri</span> 
     </span>
     <span class='ocr_line' id='line_1_11' title="bbox 197 1503 1359 1590; baseline -0.009 -20"><span class='ocrx_word' id='word_1_83' title='bbox 197 1506 309 1587; x_wconf 89' lang='lat' dir='ltr'>potuit.</span> <span class='ocrx_word' id='word_1_84' title='bbox 345 1506 400 1590; x_wconf 89' lang='lat' dir='ltr'>sed</span> <span class='ocrx_word' id='word_1_85' title='bbox 428 1507 574 1588; x_wconf 88' lang='lat' dir='ltr'>quoniam</span> <span class='ocrx_word' id='word_1_86' title='bbox 602 1510 634 1570; x_wconf 89' lang='lat' dir='ltr'>et</span> <span class='ocrx_word' id='word_1_87' title='bbox 661 1524 821 1570; x_wconf 88' lang='lat' dir='ltr'>accessum</span> <span class='ocrx_word' id='word_1_88' title='bbox 848 1505 1014 1587; x_wconf 81' lang='lat' dir='ltr'>prohibent</span> <span class='ocrx_word' id='word_1_89' title='bbox 1041 1503 1359 1577; x_wconf 82' lang='lat' dir='ltr'>studitusinter·1o</span> 
     </span>
     <span class='ocr_line' id='line_1_12' title="bbox 198 1610 1315 1694; baseline -0.004 -18"><span class='ocrx_word' id='word_1_90' title='bbox 198 1612 328 1676; x_wconf 88' lang='lat' dir='ltr'>cludunt</span> <span class='ocrx_word' id='word_1_91' title='bbox 360 1616 391 1676; x_wconf 90' lang='lat' dir='ltr'>et</span> <span class='ocrx_word' id='word_1_92' title='bbox 423 1631 605 1678; x_wconf 74' lang='lat' dir='ltr'>consessum</span> <span class='ocrx_word' id='word_1_93' title='bbox 638 1613 740 1676; x_wconf 88' lang='lat' dir='ltr'>uitant</span> <span class='ocrx_word' id='word_1_94' title='bbox 771 1615 803 1676; x_wconf 91' lang='lat' dir='ltr'>et</span> <span class='ocrx_word' id='word_1_95' title='bbox 834 1612 1033 1694; x_wconf 87' lang='lat' dir='ltr'>conloquium</span> <span class='ocrx_word' id='word_1_96' title='bbox 1065 1611 1231 1694; x_wconf 80' lang='lat' dir='ltr'>denegant,</span> <span class='ocrx_word' id='word_1_97' title='bbox 1264 1610 1315 1673; x_wconf 90' lang='lat' dir='ltr'>uel</span> 
     </span>
     <span class='ocr_line' id='line_1_13' title="bbox 196 1717 1315 1795; baseline 0 -16"><span class='ocrx_word' id='word_1_98' title='bbox 196 1718 302 1780; x_wconf 90' lang='lat' dir='ltr'>tecum</span> <span class='ocrx_word' id='word_1_99' title='bbox 333 1718 420 1791; x_wconf 85' lang='lat' dir='ltr'>mihi,</span> <span class='ocrx_word' id='word_1_100' title='bbox 443 1719 538 1783; x_wconf 81' lang='lat' dir='ltr'>irater</span> <span class='ocrx_word' id='word_1_101' title='bbox 564 1719 775 1795; x_wconf 83' lang='lat' dir='ltr'>Parmenione,</span> <span class='ocrx_word' id='word_1_102' title='bbox 809 1718 850 1782; x_wconf 94' lang='lat' dir='ltr'>sit</span> <span class='ocrx_word' id='word_1_103' title='bbox 880 1718 942 1782; x_wconf 92' lang='lat' dir='ltr'>isto</span> <span class='ocrx_word' id='word_1_104' title='bbox 974 1718 1066 1783; x_wconf 92' lang='lat' dir='ltr'>modo</span> <span class='ocrx_word' id='word_1_105' title='bbox 1097 1717 1241 1794; x_wconf 86' lang='lat' dir='ltr'>conlatio,</span> <span class='ocrx_word' id='word_1_106' title='bbox 1270 1719 1315 1793; x_wconf 88' lang='lat' dir='ltr'>ut,</span> 
     </span>
     <span class='ocr_line' id='line_1_14' title="bbox 198 1821 1316 1906; baseline 0.002 -22"><span class='ocrx_word' id='word_1_107' title='bbox 198 1821 271 1903; x_wconf 89' lang='lat' dir='ltr'>quia</span> <span class='ocrx_word' id='word_1_108' title='bbox 292 1826 444 1888; x_wconf 87' lang='lat' dir='ltr'>tractatus</span> <span class='ocrx_word' id='word_1_109' title='bbox 468 1827 551 1902; x_wconf 83' lang='lat' dir='ltr'>tuos,</span> <span class='ocrx_word' id='word_1_110' title='bbox 570 1844 652 1906; x_wconf 91' lang='lat' dir='ltr'>quos</span> <span class='ocrx_word' id='word_1_111' title='bbox 670 1825 702 1888; x_wconf 93' lang='lat' dir='ltr'>in</span> <span class='ocrx_word' id='word_1_112' title='bbox 725 1822 869 1888; x_wconf 88' lang='lat' dir='ltr'>manibus</span> <span class='ocrx_word' id='word_1_113' title='bbox 889 1827 921 1888; x_wconf 89' lang='lat' dir='ltr'>et</span> <span class='ocrx_word' id='word_1_114' title='bbox 938 1824 970 1887; x_wconf 92' lang='lat' dir='ltr'>in</span> <span class='ocrx_word' id='word_1_115' title='bbox 989 1842 1040 1888; x_wconf 91' lang='lat' dir='ltr'>ore</span> <span class='ocrx_word' id='word_1_116' title='bbox 1058 1825 1228 1888; x_wconf 88' lang='lat' dir='ltr'>multomm</span> <span class='ocrx_word' id='word_1_117' title='bbox 1248 1842 1316 1887; x_wconf 89' lang='lat' dir='ltr'>esse</span> 
     </span>
     <span class='ocr_line' id='line_1_15' title="bbox 197 1925 1317 2011; baseline 0.001 -21"><span class='ocrx_word' id='word_1_118' title='bbox 197 1925 338 2006; x_wconf 82' lang='lat' dir='ltr'>noluisti,</span> <span class='ocrx_word' id='word_1_119' title='bbox 358 1946 418 1992; x_wconf 91' lang='lat' dir='ltr'>non</span> <span class='ocrx_word' id='word_1_120' title='bbox 438 1932 621 2010; x_wconf 83' lang='lat' dir='ltr'>aspernatus</span> <span class='ocrx_word' id='word_1_121' title='bbox 640 1948 711 1995; x_wconf 92' lang='lat' dir='ltr'>sum</span> <span class='ocrx_word' id='word_1_122' title='bbox 731 1947 830 2011; x_wconf 90' lang='lat' dir='ltr'>neque</span> <span class='ocrx_word' id='word_1_123' title='bbox 851 1928 1036 2011; x_wconf 74' lang='lat' dir='ltr'>contempsi</span> <span class='ocrx_word' id='word_1_124' title='bbox 1056 1928 1111 1992; x_wconf 91' lang='lat' dir='ltr'>sed</span> <span class='ocrx_word' id='word_1_125' title='bbox 1130 1929 1232 1992; x_wconf 88' lang='lat' dir='ltr'>omnia</span> <span class='ocrx_word' id='word_1_126' title='bbox 1250 1946 1268 1992; x_wconf 89' lang='lat' dir='ltr'>a</span> <span class='ocrx_word' id='word_1_127' title='bbox 1285 1933 1317 1991; x_wconf 91' lang='lat' dir='ltr'>te</span> 
     </span>
     <span class='ocr_line' id='line_1_16' title="bbox 200 2032 1360 2116; baseline -0.003 -21"><span class='ocrx_word' id='word_1_128' title='bbox 200 2032 283 2097; x_wconf 89' lang='lat' dir='ltr'>diota</span> <span class='ocrx_word' id='word_1_129' title='bbox 291 2034 445 2116; x_wconf 88' lang='lat' dir='ltr'>patienter</span> <span class='ocrx_word' id='word_1_130' title='bbox 455 2035 572 2112; x_wconf 77' lang='lat' dir='ltr'>audiui,</span> <span class='ocrx_word' id='word_1_131' title='bbox 588 2035 696 2099; x_wconf 88' lang='lat' dir='ltr'>audias</span> <span class='ocrx_word' id='word_1_132' title='bbox 715 2038 747 2098; x_wconf 89' lang='lat' dir='ltr'>et</span> <span class='ocrx_word' id='word_1_133' title='bbox 764 2037 800 2098; x_wconf 92' lang='lat' dir='ltr'>tu</span> <span class='ocrx_word' id='word_1_134' title='bbox 818 2032 1005 2097; x_wconf 87' lang='lat' dir='ltr'>humilitatis</span> <span class='ocrx_word' id='word_1_135' title='bbox 1019 2035 1142 2097; x_wconf 87' lang='lat' dir='ltr'>nostrae</span> <span class='ocrx_word' id='word_1_136' title='bbox 1159 2051 1315 2112; x_wconf 87' lang='lat' dir='ltr'>responsa.</span> <span class='ocrx_word' id='word_1_137' title='bbox 1336 2054 1360 2091; x_wconf 70' lang='grc' dir='ltr'>ιι</span> 
     </span>
     <span class='ocr_line' id='line_1_17' title="bbox 242 2135 1316 2225; baseline -0.007 -21"><span class='ocrx_word' id='word_1_138' title='bbox 242 2137 272 2204; x_wconf 78' lang='lat'>5.</span> <span class='ocrx_word' id='word_1_139' title='bbox 296 2140 376 2204; x_wconf 87' lang='lat' dir='ltr'>Nam</span> <span class='ocrx_word' id='word_1_140' title='bbox 400 2145 432 2204; x_wconf 89' lang='lat' dir='ltr'>et</span> <span class='ocrx_word' id='word_1_141' title='bbox 455 2160 512 2224; x_wconf 90' lang='lat' dir='ltr'>ogo</span> <span class='ocrx_word' id='word_1_142' title='bbox 535 2142 686 2225; x_wconf 78' lang='lat' dir='ltr'>intellego</span> <span class='ocrx_word' id='word_1_143' title='bbox 710 2143 742 2203; x_wconf 93' lang='lat' dir='ltr'>et</span> <span class='ocrx_word' id='word_1_144' title='bbox 762 2142 799 2202; x_wconf 92' lang='lat' dir='ltr'>tu</span> <span class='ocrx_word' id='word_1_145' title='bbox 821 2157 881 2210; x_wconf 90' lang='lat' dir='ltr'>non</span> <span class='ocrx_word' id='word_1_146' title='bbox 900 2156 994 2220; x_wconf 87' lang='lat' dir='ltr'>negas</span> <span class='ocrx_word' id='word_1_147' title='bbox 1014 2140 1045 2199; x_wconf 90' lang='lat' dir='ltr'>et</span> <span class='ocrx_word' id='word_1_148' title='bbox 1063 2135 1165 2216; x_wconf 92' lang='lat' dir='ltr'>quiuis</span> <span class='ocrx_word' id='word_1_149' title='bbox 1194 2135 1316 2216; x_wconf 87' lang='lat' dir='ltr'>sapiens</span> 
     </span>
     <span class='ocr_line' id='line_1_18' title="bbox 198 2239 1317 2328; baseline -0.005 -21"><span class='ocrx_word' id='word_1_150' title='bbox 198 2244 343 2328; x_wconf 81' lang='lat' dir='ltr'>penuidct</span> <span class='ocrx_word' id='word_1_151' title='bbox 367 2248 399 2308; x_wconf 89' lang='lat' dir='ltr'>te</span> <span class='ocrx_word' id='word_1_152' title='bbox 427 2246 515 2309; x_wconf 91' lang='lat' dir='ltr'>nulla</span> <span class='ocrx_word' id='word_1_153' title='bbox 542 2247 602 2309; x_wconf 88' lang='lat' dir='ltr'>alia</span> <span class='ocrx_word' id='word_1_154' title='bbox 629 2244 747 2309; x_wconf 88' lang='lat' dir='ltr'>ratione</span> <span class='ocrx_word' id='word_1_155' title='bbox 774 2245 841 2306; x_wconf 88' lang='lat' dir='ltr'>tam</span> <span class='ocrx_word' id='word_1_156' title='bbox 866 2243 982 2324; x_wconf 81' lang='lat' dir='ltr'>prolixe</span> <span class='ocrx_word' id='word_1_157' title='bbox 1009 2243 1170 2316; x_wconf 80' lang='lat' dir='ltr'>tractasse,</span> <span class='ocrx_word' id='word_1_158' title='bbox 1197 2239 1259 2303; x_wconf 91' lang='lat' dir='ltr'>uisi</span> <span class='ocrx_word' id='word_1_159' title='bbox 1281 2240 1317 2301; x_wconf 87' lang='lat' dir='ltr'>ut</span> 
     </span>
     <span class='ocr_line' id='line_1_19' title="bbox 199 2343 1317 2428; baseline -0.004 -16"><span class='ocrx_word' id='word_1_160' title='bbox 199 2350 365 2413; x_wconf 89' lang='lat' dir='ltr'>ecclesiam</span> <span class='ocrx_word' id='word_1_161' title='bbox 398 2350 585 2416; x_wconf 86' lang='lat' dir='ltr'>catholicam</span> <span class='ocrx_word' id='word_1_162' title='bbox 616 2349 680 2411; x_wconf 90' lang='lat' dir='ltr'>tuis</span> <span class='ocrx_word' id='word_1_163' title='bbox 712 2346 898 2409; x_wconf 83' lang='lat' dir='ltr'>tractatibus</span> <span class='ocrx_word' id='word_1_164' title='bbox 923 2343 1050 2428; x_wconf 87' lang='lat' dir='ltr'>indigne</span> <span class='ocrx_word' id='word_1_165' title='bbox 1077 2345 1229 2426; x_wconf 84' lang='lat' dir='ltr'>pulsares.</span> <span class='ocrx_word' id='word_1_166' title='bbox 1262 2343 1317 2408; x_wconf 90' lang='lat' dir='ltr'>sed</span> 
     </span>
     <span class='ocr_line' id='line_1_20' title="bbox 196 2447 1315 2532; baseline 0.001 -19"><span class='ocrx_word' id='word_1_167' title='bbox 196 2454 234 2513; x_wconf 91' lang='lat' dir='ltr'>ut</span> <span class='ocrx_word' id='word_1_168' title='bbox 255 2451 399 2532; x_wconf 85' lang='lat' dir='ltr'>intellegi</span> <span class='ocrx_word' id='word_1_169' title='bbox 422 2452 521 2527; x_wconf 78' lang='lat' dir='ltr'>datur,</span> <span class='ocrx_word' id='word_1_170' title='bbox 551 2449 636 2513; x_wconf 89' lang='lat' dir='ltr'>aliud</span> <span class='ocrx_word' id='word_1_171' title='bbox 662 2449 759 2517; x_wconf 89' lang='lat' dir='ltr'>habet</span> <span class='ocrx_word' id='word_1_172' title='bbox 784 2447 917 2524; x_wconf 77' lang='lat' dir='ltr'>animus,</span> <span class='ocrx_word' id='word_1_173' title='bbox 946 2447 1031 2519; x_wconf 87' lang='lat' dir='ltr'>aliud</span> <span class='ocrx_word' id='word_1_174' title='bbox 1058 2453 1183 2513; x_wconf 89' lang='lat' dir='ltr'>resonat</span> <span class='ocrx_word' id='word_1_175' title='bbox 1204 2469 1315 2515; x_wconf 83' lang='lat' dir='ltr'>sermo.</span> 
     </span>
     <span class='ocr_line' id='line_1_21' title="bbox 200 2550 1368 2635; baseline 0.006 -17"><span class='ocrx_word' id='word_1_176' title='bbox 200 2554 332 2635; x_wconf 89' lang='lat' dir='ltr'>denique</span> <span class='ocrx_word' id='word_1_177' title='bbox 355 2572 416 2617; x_wconf 96' lang='lat' dir='ltr'>non</span> <span class='ocrx_word' id='word_1_178' title='bbox 440 2553 543 2616; x_wconf 91' lang='lat' dir='ltr'>omnia</span> <span class='ocrx_word' id='word_1_179' title='bbox 565 2555 597 2615; x_wconf 90' lang='lat' dir='ltr'>te</span> <span class='ocrx_word' id='word_1_180' title='bbox 619 2551 711 2634; x_wconf 80' lang='lat' dir='ltr'>uideo</span> <span class='ocrx_word' id='word_1_181' title='bbox 735 2550 849 2616; x_wconf 85' lang='lat' dir='ltr'>dixisse</span> <span class='ocrx_word' id='word_1_182' title='bbox 871 2555 977 2617; x_wconf 87' lang='lat' dir='ltr'>contra</span> <span class='ocrx_word' id='word_1_183' title='bbox 994 2554 1197 2619; x_wconf 87' lang='lat' dir='ltr'>catholicam:</span> <span class='ocrx_word' id='word_1_184' title='bbox 1220 2555 1316 2621; x_wconf 92' lang='lat' dir='ltr'>immo</span> <span class='ocrx_word' id='word_1_185' title='bbox 1335 2575 1368 2624; x_wconf 79' lang='lat' dir='ltr'>eo.</span> 
     </span>
     <span class='ocr_line' id='line_1_22' title="bbox 199 2655 1329 2740; baseline 0 -17"><span class='ocrx_word' id='word_1_186' title='bbox 199 2660 299 2723; x_wconf 90' lang='lat' dir='ltr'>multa</span> <span class='ocrx_word' id='word_1_187' title='bbox 321 2677 376 2740; x_wconf 86' lang='lat' dir='ltr'>pro</span> <span class='ocrx_word' id='word_1_188' title='bbox 402 2656 565 2733; x_wconf 69' lang='lat' dir='ltr'>catholica,</span> <span class='ocrx_word' id='word_1_189' title='bbox 590 2655 661 2720; x_wconf 89' lang='lat' dir='ltr'>oum</span> <span class='ocrx_word' id='word_1_190' title='bbox 685 2655 857 2722; x_wconf 90' lang='lat' dir='ltr'>catholicus</span> <span class='ocrx_word' id='word_1_191' title='bbox 879 2678 939 2724; x_wconf 94' lang='lat' dir='ltr'>non</span> <span class='ocrx_word' id='word_1_192' title='bbox 963 2658 1017 2738; x_wconf 83' lang='lat' dir='ltr'>sis,</span> <span class='ocrx_word' id='word_1_193' title='bbox 1041 2662 1132 2723; x_wconf 85' lang='lat' dir='ltr'>utet</span> <span class='ocrx_word' id='word_1_194' title='bbox 1153 2660 1242 2724; x_wconf 92' lang='lat' dir='ltr'>nobis</span> <span class='ocrx_word' id='word_1_195' title='bbox 1265 2670 1329 2723; x_wconf 51' lang='lat' dir='ltr'>nes</span> 
     </span>
    </p>
   </div>
   <div class='ocr_carea' id='block_1_3' title="bbox 233 2861 1315 2935">
    <p class='ocr_par' dir='ltr' id='par_1_3' title="bbox 233 2861 1315 2935">
     <span class='ocr_line' id='line_1_23' title="bbox 233 2861 1315 2935; baseline 0 -17"><span class='ocrx_word' id='word_1_196' title='bbox 233 2866 249 2918; x_wconf 80' lang='grc'>2</span> <span class='ocrx_word' id='word_1_197' title='bbox 280 2867 343 2918; x_wconf 87' lang='lat' dir='ltr'>sunt</span> <span class='ocrx_word' id='word_1_198' title='bbox 371 2864 398 2916; x_wconf 99' lang='grc' dir='ltr'><em>Β</em></span> <span class='ocrx_word' id='word_1_199' title='bbox 469 2863 587 2932; x_wconf 87' lang='lat' dir='ltr'>collegae</span> <span class='ocrx_word' id='word_1_200' title='bbox 619 2878 686 2916; x_wconf 77' lang='lat' dir='ltr'>corr.</span> <span class='ocrx_word' id='word_1_201' title='bbox 722 2861 810 2918; x_wconf 80' lang='lat' dir='ltr'>Cochl.</span> <span class='ocrx_word' id='word_1_202' title='bbox 841 2881 873 2919; x_wconf 71' lang='lat' dir='ltr'>aa</span> <span class='ocrx_word' id='word_1_203' title='bbox 904 2865 1014 2935; x_wconf 86' lang='lat' dir='ltr'>colliges</span> <span class='ocrx_word' id='word_1_204' title='bbox 1101 2866 1118 2920; x_wconf 87' lang='lat'><strong>3</strong></span> <span class='ocrx_word' id='word_1_205' title='bbox 1148 2870 1260 2920; x_wconf 87' lang='lat' dir='ltr'>uentuse</span> <span class='ocrx_word' id='word_1_206' title='bbox 1282 2865 1315 2926; x_wconf 83' lang='lat' dir='ltr'>P,</span> 
     </span>
    </p>
   </div>
   <div class='ocr_carea' id='block_1_4' title="bbox 198 2959 1316 3066">
    <p class='ocr_par' dir='ltr' id='par_1_4' title="bbox 198 2959 1316 3066">
     <span class='ocr_line' id='line_1_24' title="bbox 198 2959 1316 3066; baseline -0.003 -15"><span class='ocrx_word' id='word_1_207' title='bbox 198 2965 290 3053; x_wconf 66' lang='lat' dir='ltr'>ue&#39;iose</span> <span class='ocrx_word' id='word_1_208' title='bbox 313 2997 379 3066; x_wconf 57' lang='grc' dir='ltr'>(ιιι.</span> <span class='ocrx_word' id='word_1_209' title='bbox 406 2994 423 3048; x_wconf 80' lang='lat'>1.</span> <span class='ocrx_word' id='word_1_210' title='bbox 443 3010 476 3048; x_wconf 84' lang='lat' dir='ltr'>m.</span> <span class='ocrx_word' id='word_1_211' title='bbox 502 2997 532 3061; x_wconf 82' lang='lat'>2)</span> <span class='ocrx_word' id='word_1_212' title='bbox 551 2993 587 3058; x_wconf 87' lang='grc' dir='ltr'>Β,</span> <span class='ocrx_word' id='word_1_213' title='bbox 610 2959 731 3058; x_wconf 61' lang='lat' dir='ltr'>uiuetnse,</span> <span class='ocrx_word' id='word_1_214' title='bbox 751 2997 809 3061; x_wconf 81' lang='lat' dir='ltr'>(seu</span> <span class='ocrx_word' id='word_1_215' title='bbox 827 3012 878 3051; x_wconf 88' lang='grc' dir='ltr'>ιι..</span> <span class='ocrx_word' id='word_1_216' title='bbox 897 2999 966 3064; x_wconf 84' lang='lat' dir='ltr'>ross)</span> <span class='ocrx_word' id='word_1_217' title='bbox 986 2996 1020 3058; x_wconf 90' lang='grc' dir='ltr'>Β,</span> <span class='ocrx_word' id='word_1_218' title='bbox 1049 3013 1109 3050; x_wconf 91' lang='lat' dir='ltr'>cum</span> <span class='ocrx_word' id='word_1_219' title='bbox 1137 2997 1316 3066; x_wconf 84' lang='lat' dir='ltr'>nequitioseo</span> 
     </span>
    </p>
   </div>
   <div class='ocr_carea' id='block_1_5' title="bbox 199 3083 1317 3462">
    <p class='ocr_par' dir='ltr' id='par_1_5' title="bbox 199 3083 1317 3462">
     <span class='ocr_line' id='line_1_25' title="bbox 199 3083 1317 3198; baseline -0.003 -15"><span class='ocrx_word' id='word_1_220' title='bbox 199 3088 468 3197; x_wconf 52' lang='lat' dir='ltr'>utcet.li⁸11fm⁰niB</span> <span class='ocrx_word' id='word_1_221' title='bbox 537 3127 600 3181; x_wconf 80' lang='lat' dir='ltr'>liin</span> <span class='ocrx_word' id='word_1_222' title='bbox 618 3125 774 3180; x_wconf 85' lang='lat' dir='ltr'>scribturam</span> <span class='ocrx_word' id='word_1_223' title='bbox 791 3125 819 3180; x_wconf 92' lang='lat' dir='ltr'><strong><em>P</em></strong></span> <span class='ocrx_word' id='word_1_224' title='bbox 888 3083 1006 3198; x_wconf 49' lang='lat' dir='ltr'>digessit</span> <span class='ocrx_word' id='word_1_225' title='bbox 1033 3133 1058 3197; x_wconf 90' lang='lat' dir='ltr'>(e</span> <span class='ocrx_word' id='word_1_226' title='bbox 1083 3128 1164 3196; x_wconf 66' lang='lat' dir='ltr'>potam</span> <span class='ocrx_word' id='word_1_227' title='bbox 1193 3128 1272 3198; x_wconf 82' lang='lat' dir='ltr'>eras.)</span> <span class='ocrx_word' id='word_1_228' title='bbox 1290 3129 1317 3180; x_wconf 94' lang='lat' dir='ltr'><em>B</em></span> 
     </span>
     <span class='ocr_line' id='line_1_26' title="bbox 199 3213 1316 3288; baseline 0 -18"><span class='ocrx_word' id='word_1_229' title='bbox 199 3218 268 3288; x_wconf 87' lang='lat' dir='ltr'>eum]</span> <span class='ocrx_word' id='word_1_230' title='bbox 286 3217 348 3272; x_wconf 90' lang='lat' dir='ltr'>dum</span> <span class='ocrx_word' id='word_1_231' title='bbox 366 3217 421 3270; x_wconf 83' lang='lat' dir='ltr'>PG</span> <span class='ocrx_word' id='word_1_232' title='bbox 525 3215 698 3280; x_wconf 77' lang='lat' dir='ltr'>debacantes</span> <span class='ocrx_word' id='word_1_233' title='bbox 715 3213 743 3267; x_wconf 92' lang='grc' dir='ltr'><em>Β</em></span> <span class='ocrx_word' id='word_1_234' title='bbox 813 3231 864 3285; x_wconf 88' lang='lat' dir='ltr'>qno</span> <span class='ocrx_word' id='word_1_235' title='bbox 883 3216 1014 3286; x_wconf 88' lang='lat' dir='ltr'>quomodo</span> <span class='ocrx_word' id='word_1_236' title='bbox 1032 3216 1059 3268; x_wconf 99' lang='grc' dir='ltr'><em>Β</em></span> <span class='ocrx_word' id='word_1_237' title='bbox 1156 3216 1316 3287; x_wconf 73' lang='lat' dir='ltr'>lconlatio]</span> 
     </span>
     <span class='ocr_line' id='line_1_27' title="bbox 199 3302 1316 3372; baseline -0.001 -12"><span class='ocrx_word' id='word_1_238' title='bbox 199 3305 310 3360; x_wconf 87' lang='lat' dir='ltr'>conlatis</span> <span class='ocrx_word' id='word_1_239' title='bbox 339 3321 356 3360; x_wconf 87' lang='lat' dir='ltr'>o</span> <span class='ocrx_word' id='word_1_240' title='bbox 387 3309 466 3372; x_wconf 70' lang='lat' dir='ltr'>(coer.</span> <span class='ocrx_word' id='word_1_241' title='bbox 495 3303 596 3370; x_wconf 73' lang='lat' dir='ltr'>Oeclei.)</span> <span class='ocrx_word' id='word_1_242' title='bbox 733 3305 761 3356; x_wconf 87' lang='lat' dir='ltr'>et</span> <span class='ocrx_word' id='word_1_243' title='bbox 778 3303 892 3358; x_wconf 82' lang='lat' dir='ltr'>satisfiet</span> <span class='ocrx_word' id='word_1_244' title='bbox 908 3302 1045 3358; x_wconf 84' lang='lat' dir='ltr'>desideriis</span> <span class='ocrx_word' id='word_1_245' title='bbox 1063 3305 1095 3358; x_wconf 85' lang='lat' dir='ltr'>ob</span> <span class='ocrx_word' id='word_1_246' title='bbox 1207 3307 1235 3359; x_wconf 89' lang='lat' dir='ltr'>et</span> <span class='ocrx_word' id='word_1_247' title='bbox 1253 3311 1316 3360; x_wconf 80' lang='lat' dir='ltr'>onte</span> 
     </span>
     <span class='ocr_line' id='line_1_28' title="bbox 200 3390 1315 3462; baseline 0.001 -14"><span class='ocrx_word' id='word_1_248' title='bbox 200 3393 327 3449; x_wconf 89' lang='lat' dir='ltr'>desid...</span> <span class='ocrx_word' id='word_1_249' title='bbox 347 3410 397 3448; x_wconf 87' lang='lat' dir='ltr'>om.</span> <span class='ocrx_word' id='word_1_250' title='bbox 419 3394 444 3447; x_wconf 83' lang='lat' dir='ltr'><strong><em>G</em></strong></span> <span class='ocrx_word' id='word_1_251' title='bbox 497 3394 513 3446; x_wconf 88' lang='lat'>8</span> <span class='ocrx_word' id='word_1_252' title='bbox 532 3407 610 3461; x_wconf 85' lang='lat' dir='ltr'>saepo</span> <span class='ocrx_word' id='word_1_253' title='bbox 629 3407 678 3446; x_wconf 87' lang='lat' dir='ltr'>om.</span> <span class='ocrx_word' id='word_1_254' title='bbox 696 3391 728 3444; x_wconf 86' lang='lat' dir='ltr'>od</span> <span class='ocrx_word' id='word_1_255' title='bbox 800 3390 834 3444; x_wconf 85' lang='lat' dir='ltr'>ad</span> <span class='ocrx_word' id='word_1_256' title='bbox 852 3391 1022 3446; x_wconf 80' lang='lat' dir='ltr'>erudiendam</span> <span class='ocrx_word' id='word_1_257' title='bbox 1039 3391 1082 3446; x_wconf 86' lang='lat' dir='ltr'>Ro</span> <span class='ocrx_word' id='word_1_258' title='bbox 1101 3397 1181 3460; x_wconf 77' lang='lat' dir='ltr'>(corr.</span> <span class='ocrx_word' id='word_1_259' title='bbox 1204 3393 1315 3462; x_wconf 68' lang='lat' dir='ltr'>como).</span> 
     </span>
    </p>
   </div>
   <div class='ocr_carea' id='block_1_6' title="bbox 203 3491 1316 3606">
    <p class='ocr_par' dir='ltr' id='par_1_6' title="bbox 203 3491 1316 3606">
     <span class='ocr_line' id='line_1_29' title="bbox 203 3491 1316 3606; baseline -0.001 -27"><span class='ocrx_word' id='word_1_260' title='bbox 203 3491 376 3590; x_wconf 60' lang='lat' dir='ltr'>erudiipndam</span> <span class='ocrx_word' id='word_1_261' title='bbox 384 3525 419 3590; x_wconf 85' lang='lat' dir='ltr'>B,</span> <span class='ocrx_word' id='word_1_262' title='bbox 434 3522 621 3594; x_wconf 83' lang='lat' dir='ltr'>exquirendam</span> <span class='ocrx_word' id='word_1_263' title='bbox 632 3521 658 3577; x_wconf 77' lang='lat' dir='ltr'><em>G</em></span> <span class='ocrx_word' id='word_1_264' title='bbox 710 3525 727 3577; x_wconf 86' lang='lat'>9</span> <span class='ocrx_word' id='word_1_265' title='bbox 739 3525 845 3606; x_wconf 47' lang='lat' dir='ltr'>PPQ.</span> <span class='ocrx_word' id='word_1_266' title='bbox 855 3528 922 3594; x_wconf 74' lang='lat' dir='ltr'>(cap.</span> <span class='ocrx_word' id='word_1_267' title='bbox 935 3531 960 3579; x_wconf 84' lang='lat' dir='ltr'>et</span> <span class='ocrx_word' id='word_1_268' title='bbox 972 3525 1050 3593; x_wconf 80' lang='lat' dir='ltr'>infra</span> <span class='ocrx_word' id='word_1_269' title='bbox 1057 3526 1139 3592; x_wconf 79' lang='lat' dir='ltr'>posit.</span> <span class='ocrx_word' id='word_1_270' title='bbox 1154 3526 1280 3595; x_wconf 86' lang='lat' dir='ltr'>partium)</span> <span class='ocrx_word' id='word_1_271' title='bbox 1289 3527 1316 3578; x_wconf 92' lang='lat' dir='ltr'><em>B</em></span> 
     </span>
    </p>
   </div>
   <div class='ocr_carea' id='block_1_7' title="bbox 201 3612 1314 3813">
    <p class='ocr_par' dir='ltr' id='par_1_7' title="bbox 201 3612 1314 3813">
     <span class='ocr_line' id='line_1_30' title="bbox 201 3612 1314 3734; baseline 0.002 -25"><span class='ocrx_word' id='word_1_272' title='bbox 201 3657 235 3711; x_wconf 90' lang='lat'>10</span> <span class='ocrx_word' id='word_1_273' title='bbox 258 3654 424 3710; x_wconf 82' lang='lat' dir='ltr'>accessusG</span> <span class='ocrx_word' id='word_1_274' title='bbox 495 3653 648 3709; x_wconf 71' lang='lat' dir='ltr'>audituist</span> <span class='ocrx_word' id='word_1_275' title='bbox 717 3612 890 3721; x_wconf 59' lang='lat' dir='ltr'>interficiunt</span> <span class='ocrx_word' id='word_1_276' title='bbox 907 3659 934 3711; x_wconf 95' lang='grc' dir='ltr'><em>Β</em></span> <span class='ocrx_word' id='word_1_277' title='bbox 1005 3657 1037 3710; x_wconf 92' lang='grc'>11</span> <span class='ocrx_word' id='word_1_278' title='bbox 1065 3663 1219 3712; x_wconf 87' lang='lat' dir='ltr'>consensum</span> <span class='ocrx_word' id='word_1_279' title='bbox 1238 3658 1314 3734; x_wconf 56' lang='grc' dir='ltr'>ΡΒιι4</span> 
     </span>
     <span class='ocr_line' id='line_1_31' title="bbox 201 3743 1312 3813; baseline 0 -16"><span class='ocrx_word' id='word_1_280' title='bbox 201 3759 354 3798; x_wconf 86' lang='lat' dir='ltr'>concessum</span> <span class='ocrx_word' id='word_1_281' title='bbox 373 3745 426 3813; x_wconf 88' lang='lat' dir='ltr'>(ces</span> <span class='ocrx_word' id='word_1_282' title='bbox 444 3760 501 3812; x_wconf 76' lang='lat' dir='ltr'>cop.</span> <span class='ocrx_word' id='word_1_283' title='bbox 516 3758 562 3797; x_wconf 86' lang='lat' dir='ltr'>sen</span> <span class='ocrx_word' id='word_1_284' title='bbox 580 3759 714 3811; x_wconf 81' lang='lat' dir='ltr'>suprascr.</span> <span class='ocrx_word' id='word_1_285' title='bbox 733 3760 766 3797; x_wconf 84' lang='lat' dir='ltr'>m.</span> <span class='ocrx_word' id='word_1_286' title='bbox 786 3743 815 3813; x_wconf 79' lang='lat'>2)</span> <span class='ocrx_word' id='word_1_287' title='bbox 827 3745 862 3808; x_wconf 89' lang='grc' dir='ltr'>Β,</span> <span class='ocrx_word' id='word_1_288' title='bbox 881 3754 1032 3799; x_wconf 85' lang='lat' dir='ltr'>conoessum</span> <span class='ocrx_word' id='word_1_289' title='bbox 1051 3745 1211 3813; x_wconf 79' lang='lat' dir='ltr'>(consessum</span> <span class='ocrx_word' id='word_1_290' title='bbox 1228 3746 1247 3799; x_wconf 76' lang='grc' dir='ltr'>ι’.</span> <span class='ocrx_word' id='word_1_291' title='bbox 1264 3761 1312 3813; x_wconf 69' lang='lat' dir='ltr'>nup.</span> 
     </span>
    </p>
   </div>
   <div class='ocr_carea' id='block_1_8' title="bbox 201 3835 1314 4284">
    <p class='ocr_par' dir='ltr' id='par_1_8' title="bbox 201 3835 1314 4284">
     <span class='ocr_line' id='line_1_32' title="bbox 201 3835 1314 3945; baseline -0.001 -16"><span class='ocrx_word' id='word_1_292' title='bbox 201 3892 235 3929; x_wconf 87' lang='lat' dir='ltr'>m.</span> <span class='ocrx_word' id='word_1_293' title='bbox 255 3879 283 3943; x_wconf 84' lang='lat'>2)</span> <span class='ocrx_word' id='word_1_294' title='bbox 306 3875 347 3930; x_wconf 71' lang='lat' dir='ltr'>(ib</span> <span class='ocrx_word' id='word_1_295' title='bbox 410 3876 443 3929; x_wconf 80' lang='lat'>12</span> <span class='ocrx_word' id='word_1_296' title='bbox 455 3835 528 3929; x_wconf 64' lang='lat' dir='ltr'>t&#39;cnm</span> <span class='ocrx_word' id='word_1_297' title='bbox 547 3874 575 3928; x_wconf 92' lang='grc' dir='ltr'><em>Β</em></span> <span class='ocrx_word' id='word_1_298' title='bbox 636 3875 668 3928; x_wconf 84' lang='grc'>13</span> <span class='ocrx_word' id='word_1_299' title='bbox 687 3875 763 3930; x_wconf 84' lang='lat' dir='ltr'>tract&#39;</span> <span class='ocrx_word' id='word_1_300' title='bbox 785 3875 810 3930; x_wconf 78' lang='lat' dir='ltr'><strong><em>G</em></strong></span> <span class='ocrx_word' id='word_1_301' title='bbox 829 3879 908 3942; x_wconf 79' lang='lat' dir='ltr'>(corr.</span> <span class='ocrx_word' id='word_1_302' title='bbox 927 3877 958 3930; x_wconf 79' lang='lat' dir='ltr'>in</span> <span class='ocrx_word' id='word_1_303' title='bbox 975 3893 1023 3945; x_wconf 79' lang='lat' dir='ltr'>mp.</span> <span class='ocrx_word' id='word_1_304' title='bbox 1042 3893 1076 3931; x_wconf 83' lang='lat' dir='ltr'>m.</span> <span class='ocrx_word' id='word_1_305' title='bbox 1096 3880 1127 3942; x_wconf 84' lang='lat'>2)</span> <span class='ocrx_word' id='word_1_306' title='bbox 1196 3877 1269 3931; x_wconf 86' lang='lat' dir='ltr'>inore</span> <span class='ocrx_word' id='word_1_307' title='bbox 1287 3876 1314 3928; x_wconf 95' lang='grc' dir='ltr'><em>Β</em></span> 
     </span>
     <span class='ocr_line' id='line_1_33' title="bbox 204 3963 1313 4036; baseline -0.001 -19"><span class='ocrx_word' id='word_1_308' title='bbox 204 3964 237 4017; x_wconf 84' lang='grc'>14</span> <span class='ocrx_word' id='word_1_309' title='bbox 256 3979 333 4033; x_wconf 84' lang='lat' dir='ltr'>asper</span> <span class='ocrx_word' id='word_1_310' title='bbox 350 3966 429 4017; x_wconf 82' lang='lat' dir='ltr'>natus</span> <span class='ocrx_word' id='word_1_311' title='bbox 447 3964 474 4016; x_wconf 98' lang='grc' dir='ltr'><em>Β</em></span> <span class='ocrx_word' id='word_1_312' title='bbox 589 3964 622 4018; x_wconf 82' lang='lat' dir='ltr'>lo</span> <span class='ocrx_word' id='word_1_313' title='bbox 639 3967 731 4017; x_wconf 82' lang='lat' dir='ltr'>nostra</span> <span class='ocrx_word' id='word_1_314' title='bbox 748 3963 775 4016; x_wconf 93' lang='lat' dir='ltr'><em>B</em></span> <span class='ocrx_word' id='word_1_315' title='bbox 883 3964 1017 4036; x_wconf 83' lang='lat' dir='ltr'>responsa]</span> <span class='ocrx_word' id='word_1_316' title='bbox 1037 3963 1100 4020; x_wconf 79' lang='lat' dir='ltr'>odd.</span> <span class='ocrx_word' id='word_1_317' title='bbox 1122 3966 1147 4020; x_wconf 86' lang='lat' dir='ltr'><em>G</em></span> <span class='ocrx_word' id='word_1_318' title='bbox 1164 3967 1216 4019; x_wconf 82' lang='lat' dir='ltr'>iam</span> <span class='ocrx_word' id='word_1_319' title='bbox 1233 3979 1313 4034; x_wconf 87' lang='lat' dir='ltr'>posco</span> 
     </span>
     <span class='ocr_line' id='line_1_34' title="bbox 204 4050 1313 4122; baseline -0.001 -16"><span class='ocrx_word' id='word_1_320' title='bbox 204 4053 237 4106; x_wconf 79' lang='grc'>11</span> <span class='ocrx_word' id='word_1_321' title='bbox 251 4050 418 4122; x_wconf 79' lang='lat' dir='ltr'>peruidetete</span> <span class='ocrx_word' id='word_1_322' title='bbox 431 4051 458 4104; x_wconf 94' lang='lat' dir='ltr'><em>B</em></span> <span class='ocrx_word' id='word_1_323' title='bbox 563 4050 703 4122; x_wconf 70' lang='lat' dir='ltr'>prolixeR</span> <span class='ocrx_word' id='word_1_324' title='bbox 783 4053 814 4105; x_wconf 83' lang='lat'>19</span> <span class='ocrx_word' id='word_1_325' title='bbox 834 4056 862 4107; x_wconf 88' lang='lat' dir='ltr'>et</span> <span class='ocrx_word' id='word_1_326' title='bbox 880 4053 952 4108; x_wconf 83' lang='lat' dir='ltr'>aliud</span> <span class='ocrx_word' id='word_1_327' title='bbox 969 4055 1076 4108; x_wconf 86' lang='lat' dir='ltr'>resonat</span> <span class='ocrx_word' id='word_1_328' title='bbox 1090 4054 1116 4108; x_wconf 83' lang='lat' dir='ltr'><em>G</em></span> <span class='ocrx_word' id='word_1_329' title='bbox 1193 4052 1227 4105; x_wconf 84' lang='lat'>20</span> <span class='ocrx_word' id='word_1_330' title='bbox 1241 4051 1313 4106; x_wconf 90' lang='lat' dir='ltr'>deni·</span> 
     </span>
     <span class='ocr_line' id='line_1_35' title="bbox 204 4139 1313 4210; baseline -0.001 -15"><span class='ocrx_word' id='word_1_331' title='bbox 204 4157 255 4210; x_wconf 88' lang='lat' dir='ltr'>que</span> <span class='ocrx_word' id='word_1_332' title='bbox 281 4141 350 4196; x_wconf 86' lang='lat' dir='ltr'>nihil</span> <span class='ocrx_word' id='word_1_333' title='bbox 375 4145 403 4195; x_wconf 81' lang='lat' dir='ltr'>tc</span> <span class='ocrx_word' id='word_1_334' title='bbox 430 4139 509 4195; x_wconf 86' lang='lat' dir='ltr'>uideo</span> <span class='ocrx_word' id='word_1_335' title='bbox 537 4141 633 4195; x_wconf 85' lang='lat' dir='ltr'>dixisse</span> <span class='ocrx_word' id='word_1_336' title='bbox 650 4140 685 4205; x_wconf 88' lang='lat' dir='ltr'>P,</span> <span class='ocrx_word' id='word_1_337' title='bbox 704 4140 816 4210; x_wconf 89' lang='lat' dir='ltr'>denique</span> <span class='ocrx_word' id='word_1_338' title='bbox 844 4143 951 4195; x_wconf 83' lang='lat' dir='ltr'>nomina</span> <span class='ocrx_word' id='word_1_339' title='bbox 976 4145 1004 4195; x_wconf 86' lang='lat' dir='ltr'>te</span> <span class='ocrx_word' id='word_1_340' title='bbox 1022 4141 1048 4194; x_wconf 94' lang='grc' dir='ltr'><em>Β</em></span> <span class='ocrx_word' id='word_1_341' title='bbox 1126 4158 1178 4195; x_wconf 84' lang='grc' dir='ltr'>ιιοιι</span> <span class='ocrx_word' id='word_1_342' title='bbox 1205 4156 1253 4194; x_wconf 86' lang='lat' dir='ltr'>om.</span> <span class='ocrx_word' id='word_1_343' title='bbox 1274 4141 1313 4194; x_wconf 86' lang='lat' dir='ltr'>-ob</span> 
     </span>
     <span class='ocr_line' id='line_1_36' title="bbox 203 4229 501 4284; baseline 0 -1"><span class='ocrx_word' id='word_1_344' title='bbox 203 4230 361 4284; x_wconf 80' lang='lat' dir='ltr'>catholicam</span> <span class='ocrx_word' id='word_1_345' title='bbox 379 4229 458 4283; x_wconf 89' lang='lat' dir='ltr'>fidem</span> <span class='ocrx_word' id='word_1_346' title='bbox 478 4229 501 4283; x_wconf 85' lang='lat' dir='ltr'><strong><em>G</em></strong></span> 
     </span>
    </p>
   </div>
   <div class='ocr_carea' id='block_1_9' title="bbox 0 0 1533 4656">
    <p class='ocr_par' dir='ltr' id='par_1_9' title="bbox 0 0 1533 4656">
     <span class='ocr_line' id='line_1_37' title="bbox 0 0 1533 4656; baseline 0 0"><span class='ocrx_word' id='word_1_347' title='bbox 0 0 1533 4656; x_wconf 95' lang='lat' dir='ltr'> </span> 
     </span>
    </p>
   </div>
  </div>
 </body>
</html>
