3044 4656
262 325 324 388 194
729 319 896 390 appendix

257 519 327 578 teris
355 522 384 577 et
404 519 528 578 Lucieno
557 515 1276 591 11111110.111111111111ι111111ιιίς1111110111ι
1292 515 1372 574 dedit

259 609 287 666 et
308 607 401 666 factus
425 610 468 666 est
488 608 637 681 presbyter
658 606 772 664 Uictor?
803 605 972 663 Saturninus
999 605 1132 665 dixit.e
1133 608 1231 663 tcum
1255 582 1371 675 diceret,

257 697 428 770 zenophilus
450 713 479 752 u.
503 712 529 754 c.
552 693 708 752 consularis
731 693 881 752 Saturnino
905 691 988 751 dixit:
1013 693 1058 751 oni
1080 692 1178 751 dedit?
1205 693 1373 751 Saturninus

225 825 227 830 -
258 784 341 843 dixit:
361 784 476 845 Siluano
496 782 637 857 episcopo.
661 781 831 855 zenophilus
848 798 877 839 u.
897 795 922 839 o.
942 765 1099 840 consularis
1117 781 1269 840 Saturnino
1289 781 1372 840 dixit:

257 886 323 944 ergo
347 872 379 928 ut
399 872 481 929 fieret
502 871 658 946 presbyter,
682 869 796 928 Siluano
824 867 956 942 episcopo
984 868 1088 944 uiginti
1110 869 1195 928 folles
1217 870 1373 942 praemium
1405 879 1417 917 ὁ

257 958 353 1017 dedit?
380 959 549 1018 Saturninus
571 958 655 1016 dixit:
680 957 766 1016 dedit.
798 955 969 1031 zenophilus
991 973 1020 1015 n.
1044 974 1069 1016 c.
1093 957 1252 1015 consularis
1275 958 1372 1016 Satur-

256 1047 323 1105 nino
353 1047 436 1106 dixit:
466 1048 533 1105 ante
563 1045 707 1105 Siluanum
737 1043 860 1117 positum
892 1046 956 1102 est?
991 1044 1159 1103 Saturninus
1191 1045 1275 1103 dixit:
1308 1048 1374 1103 ante

256 1135 419 1193 cathedram
446 1135 652 1209 episcoporum.
692 1131 862 1206 zenophilus
891 1148 921 1191 u.
949 1149 974 1191 o.
1007 1133 1167 1192 consularis
1192 1133 1390 1191 Nundinario

257 1222 340 1280 dixit:
363 1239 381 1279 a
403 1240 458 1297 quo
480 1221 602 1297 pecunia
623 1222 736 1281 sublata
759 1222 820 1279 est?
841 1219 1036 1279 Nundinarins
1060 1220 1143 1278 dixit:
1165 1219 1223 1294 ipsi
1245 1221 1372 1293 episcopi

256 1310 416 1368 diuiserunt
441 1327 503 1369 eam
527 1310 602 1377 iuter
629 1327 670 1369 se.
706 1307 877 1382 zenophilus
903 1325 932 1365 ιι.
956 1324 981 1365 c.
1009 1308 1167 1367 consularis
1193 1308 1371 1367 Nundinario
1392 1316 1415 1354 ¹⁰

256 1397 340 1456 dixit:
358 1399 501 1457 Donatum
514 1397 658 1458 desideras
676 1397 821 1455 exhiberi?
838 1393 1032 1454 Nundinarius
1047 1396 1130 1454 dixit:
1149 1396 1248 1469 ntique
1262 1397 1368 1465 ueniat,

257 1487 292 1544 de
315 1502 371 1559 quo
394 1487 528 1545 clamauit
547 1487 669 1561 populus
696 1485 781 1544 biduo
808 1486 872 1557 post
896 1499 1010 1557 pacem:
1043 1484 1146 1542 exaudi
1172 1486 1252 1555 deus,
1281 1485 1371 1543 ciuem

256 1575 385 1632 nostrum
411 1575 550 1633 uolumus.
589 1573 758 1648 Zenophilus
780 1591 808 1630 ιι.
836 1589 861 1630 c.
892 1571 1052 1630 consularis
1079 1573 1258 1631 Nundinario
1287 1573 1370 1631 dixit:

255 1664 331 1720 certo
353 1662 487 1721 clamauit
507 1664 562 1722 hoc
583 1663 725 1737 populus?
748 1660 907 1735 respondit:
933 1659 1076 1719 clamauit.
1100 1661 1271 1735 zenophilus
1293 1679 1322 1721 n.
1346 1679 1371 1721 o.

255 1749 413 1808 consularis
436 1751 586 1811 Saturnino
615 1751 698 1809 dixit:
721 1750 886 1814 traditorem
915 1749 1049 1807 clamauit
1075 1749 1241 1808 Siluanum?
1275 1750 1372 1808 Satur·
1389 1756 1413 1794 ¹⁵

254 1837 339 1896 ninus
357 1838 439 1896 dixit:
460 1839 568 1913 ntique.
587 1838 783 1898 Nundinarins
802 1838 886 1896 dixit':
906 1838 1020 1912 quando
1039 1838 1133 1897 factus
1152 1841 1195 1896 est
1213 1838 1373 1913 episcopus,

254 1942 312 1985 nou
334 1925 374 1983 illi
399 1928 676 1994 communicauimus
702 1927 769 2000 quia
792 1927 940 1984 dicebatur
961 1927 1082 1986 traditor
1105 1944 1177 1986 esse.
1206 1927 1375 1986 Saturninus

255 2013 338 2071 dixit:
363 2016 439 2087 quod
461 2016 539 2087 dicit,
563 2034 661 2075 nerum
684 2017 737 2074 est.
769 2015 966 2073 Nundinarius
989 2015 1073 2073 dixit:
1097 2015 1165 2085 uidi,
1190 2015 1258 2088 quia
1279 2017 1375 2074 Mutus

201 2102 421 2161 areharenarius
442 2104 509 2161 tulit
527 2122 589 2163 eum
606 2105 637 2162 in
656 2102 739 2162 collo.
763 2102 933 2176 Zenophilus
951 2120 980 2160 u.
1000 2119 1024 2160 o.
1045 2102 1203 2161 consularis
1222 2103 1374 2162 Saturnino

256 2189 338 2247 dixit:
362 2191 405 2248 sio
427 2190 533 2250 factum
556 2195 616 2251 est?
639 2190 807 2250 Saturninus
830 2190 913 2247 dixit:
937 2190 988 2248 sio.
1012 2190 1183 2261 zenophilus
1206 2207 1234 2247 u.
1254 2206 1279 2248 c.
1304 2207 1374 2249 con·
1393 2197 1420 2238 t⁰

253 2277 356 2336 sularis
380 2277 466 2337 dixit:
498 2297 567 2338 uera
592 2283 660 2338 sunt
686 2277 788 2348 omnia,
819 2293 891 2350 quae
919 2275 988 2334 dicit
1009 2276 1214 2347 Nundinarius,
1243 2277 1311 2350 quia
1337 2279 1373 2336 ab

253 2366 411 2425 harenariis
439 2367 532 2426 factus
559 2370 603 2425 est
628 2361 777 2439 episcopus
804 2363 954 2421 Siluanus?
989 2363 1156 2421 Saturninus
1183 2363 1266 2423 dixit:
1295 2383 1372 2425 uera.

254 2455 449 2514 Nundinarius
472 2454 554 2512 dixit:
578 2453 754 2526 prostibulae
776 2451 835 2508 illic
857 2451 981 2508 fuerunt.
1005 2451 1178 2523 zenophilus
1200 2468 1229 2511 u.
1254 2470 1279 2512 c.
1303 2471 1373 2513 con·
1474 2522 1475 2526 η

253 2542 355 2603 sularis
382 2542 533 2601 Saturnino
567 2539 648 2597 dixit:
680 2537 823 2596 harenarii
853 2536 932 2594 illum
964 2540 1168 2610 gestanerunt?
1204 2540 1374 2602 Saturninus

255 2630 337 2690 dixit:
361 2630 417 2702 ipsi
440 2645 501 2685 eum
524 2628 652 2684 tulerunt
674 2628 704 2683 et
724 2626 861 2699 populus;
889 2641 955 2682 nam
978 2625 1107 2685 sinesin
1130 2646 1198 2687 area
1219 2624 1374 2706 martyrum
1393 2639 1418 2678 11

253 2717 368 2776 fuerunt
388 2715 501 2774 inclusi.
532 2714 728 2772 Nundinarius
752 2713 890 2774 diaconus
914 2713 998 2772 dixit:
1022 2716 1161 2789 numquid
1182 2719 1305 2793 populus
1328 2719 1374 2778 dei

253 2805 295 2864 ibi
316 2806 389 2864 fnit?
411 2803 579 2863 Saturninus
598 2802 680 2860 dixit:
703 2802 733 2860 in
757 2819 824 2860 casa
846 2802 951 2861 maiore
968 2802 1026 2861 fuit
1041 2797 1179 2864 inclusus.
1203 2807 1373 2880 zenophilus

254 2913 283 2952 u.
307 2912 332 2954 c.
356 2891 513 2952 consularis
536 2891 619 2950 dixit:
648 2892 723 2950 certe
751 2890 854 2962 omnia,
884 2908 955 2964 quae
984 2891 1055 2950 dicit
1075 2893 1279 2967 Nundinarius‚
1304 2910 1373 2952 uera

255 2985 341 3044 snut?
367 2981 536 3040 Saturninus
564 2980 646 3038 dixit:
674 2996 750 3039 nora.
788 2979 961 3053 zenophilus
991 2996 1020 3038 ιι.
1050 2997 1074 3039 c.
1103 2983 1260 3041 consularis
1288 2981 1370 3039 dixit:

255 3071 287 3128 tu
309 3071 379 3142 quid
401 3069 491 3128 diois?
512 3069 610 3128 Uictor
628 3068 713 3127 dixit:
736 3085 806 3126 uera
822 3071 890 3125 sunt
908 3067 1012 3140 omnia,
1032 3069 1155 3128 domine.
1178 3068 1416 3129 111111111111ι111ι10

257 3157 340 3216 dixit:
368 3157 524 3231 Purpurius
552 3157 702 3232 episcopus
728 3156 796 3215 tulit
822 3158 934 3214 centum
961 3156 1054 3216 folles.
1092 3157 1262 3231 zenophilus
1292 3174 1372 3217 ιιι.

257 3246 415 3305 consularis
435 3245 613 3306 Nundinario
636 3245 720 3304 dixit:
749 3246 784 3304 de
810 3243 1029 3318 quadringentis
1055 3244 1172 3303 follibus
1194 3261 1266 3318 quos
1288 3247 1374 3319 putas

256 3333 494 3409 interrogandos?
524 3334 727 3407 Nundinarius
747 3332 830 3391 dixit:
861 3331 1005 3392 Lucienus
1036 3327 1171 3406 diaconus
1198 3333 1373 3407 exhibeatur,

258 3422 325 3495 quia
346 3423 408 3497 ipse
429 3426 521 3482 totum
543 3422 607 3483 soit.
630 3421 802 3496 Zenophilus
824 3436 852 3478 ιι.
870 3435 894 3478 c.
915 3418 1072 3480 consularis
1090 3420 1270 3481 Nundinario
1290 3423 1374 3483 dixit:

256 3511 324 3570 hino
346 3512 458 3578 sciunt?
479 3512 675 3570 Nundinarius
698 3509 780 3568 dixit:
804 3523 861 3565 uon
883 3509 987 3577 sciunt.
1010 3507 1179 3582 zenophilus
1202 3526 1231 3571 n.
1257 3528 1283 3570 c:
1306 3530 1375 3572 oon·
1393 3515 1419 3556 ³⁵

257 3599 361 3658 sularis
389 3597 472 3657 dixit:
501 3594 667 3659 exhibeatur
686 3597 840 3656 Lucianns.
875 3594 1069 3655 Nundinarins
1097 3596 1180 3655 dixit:
1209 3599 1306 3658 sciunt
1326 3601 1376 3660 isti

257 3689 392 3762 acceptos
415 3701 477 3745 esse
500 3686 731 3759 quadringentos·
745 3684 839 3755 folles,
866 3684 916 3742 sed
944 3685 1011 3759 quia
1037 3684 1164 3759 episcopi
1192 3704 1241 3746 eos
1270 3688 1374 3748 diuise-

258 3777 334 3845 runt,
358 3772 499 3832 nesciunt.
535 3772 705 3847 Zenophilus
732 3789 760 3830 ιι.
785 3789 810 3832 c.
834 3773 991 3831 consularis
1013 3772 1192 3834 Nundinario
1217 3777 1248 3834 et
1268 3776 1375 3836 Uictori

260 3863 344 3922 dixit:
375 3859 455 3921 scitis
478 3864 610 3936 acceptos
638 3877 700 3919 esse
727 3860 811 3919 folles
835 3861 1005 3924 abucina?
1036 3860 1207 3923 Saturninus
1230 3866 1259 3923 et
1279 3864 1375 3922 Uictor

295 3992 500 4050 zsaturniniU
567 3993 634 4047 dixit
652 3993 768 4047 αιιινιὲιο.
788 3993 851 4063 adp.
869 3993 897 4046 Β
941 3995 1018 4049 Seni
1037 3993 1144 4050 dedit·
1149 3997 1289 4052 Saturnino
1308 3995 1374 4049 dixit

261 4082 312 4121 om.
331 4066 361 4120 D
422 4063 627 4118 ScathedraO
678 4063 722 4117 12
728 4065 869 4134 pacem}p
872 4081 915 4118 are
937 4066 993 4133 ΟΒ,
1017 4080 1089 4121 ωτι.
1103 4068 1133 4121 D
1145 4085 1176 4137 p
1194 4068 1229 4122 30
1280 4066 1314 4119 20
1336 4066 1375 4120 sio

262 4136 428 4260 1Ζιξιιὲῖάιᾶιιι
446 4137 486 4260 ξιξ
500 4137 624 4274 pplpusomo.
642 4133 672 4187 D
706 4133 880 4225 3311111111
899 4136 955 4204 (dia
973 4150 1040 4191 eran
1059 4137 1219 4206 addenem
1250 4136 1283 4190 85
1300 4137 1373 4208 hine]
