3044 4656
548 340 660 395 Liber
683 343 1054 406 secundus,c.13-15.
1320 360 1361 423 49

245 534 277 595 et
307 532 429 596 turbam
459 533 607 599 fidelium.
632 534 737 614 dicite,
770 537 821 601 cui
852 539 958 622 generi
985 540 1145 606 hominum
1172 545 1203 608 in
1232 547 1363 612 ecclesia
1476 610 1489 627 ‚.

245 641 352 703 nostra
376 639 435 705 hoc
459 642 561 723 possit
588 642 732 720 adscribi,
762 643 846 723 quod
874 644 996 710 obicere
1019 646 1163 725 uoluisti;
1188 652 1364 733 specialiter

245 745 368 809 nomina
389 746 523 829 aliquem
544 747 735 827 ministrum,
755 749 885 814 ostende
904 751 1040 833 aliquem
1060 753 1222 820 diaconum
1240 759 1363 824 nomine
1441 788 1444 793 ·
1479 760 1488 785 ⁴

245 870 311 930 suo,
337 852 440 916 indica
460 853 520 920 hoc
543 855 582 917 ab
607 854 713 936 aliquo
736 856 852 920 factum
879 874 948 920 esse
971 858 1161 941 presbytero,
1186 862 1282 943 proba
1303 864 1363 930 hoc

214 973 225 1012 s
244 958 403 1041 episcopos
417 960 591 1038 admisisse,
608 958 684 1024 doce
704 961 839 1041 aliquem
857 964 999 1027 nostrum
1019 965 1163 1046 cuiquam
1180 967 1361 1034 insidiatum

242 1083 319 1130 esse.
343 1065 412 1147 quis
434 1069 578 1132 nostrum
601 1083 788 1149 quemquam
811 1071 996 1151 persecutus
1020 1072 1093 1133 est?
1117 1090 1209 1152 quem
1233 1091 1250 1136 a
1271 1075 1360 1140 nobis

188 1258 195 1266 ι
237 1174 437 1252 persecutum
465 1192 535 1238 esse
563 1176 619 1236 aut
645 1172 746 1237 dicere
777 1175 895 1257 poteris
923 1177 979 1238 aut
1008 1175 1162 1257 probare?
1198 1179 1272 1261 quia
1301 1180 1376 1245 tibi'

236 1277 341 1342 onitas
365 1279 520 1362 displicet,
543 1279 604 1344 hoc
632 1278 659 1344 si
686 1279 800 1344 crimen
828 1283 930 1363 putas,
960 1299 1053 1364 argue
1081 1301 1137 1346 nos
1161 1283 1358 1350 Thessaloni-

237 1384 394 1463 censibus,
418 1382 598 1464 Gorinthiis,
623 1384 754 1464 Galatis,
787 1389 907 1470 septem
940 1388 1092 1466 ecclesiis,
1121 1407 1199 1470 quae
1227 1391 1358 1454 suntin

196 1506 220 1544 ιο
237 1488 322 1568 Asia,
341 1491 600 1557 communicasse.
625 1491 653 1555 si
675 1491 760 1556 nefas
784 1492 843 1557 tibi
865 1493 992 1558 uidetur
1010 1497 1065 1558 aut
1082 1495 1109 1560 si
1127 1499 1247 1561 reatum
1265 1501 1358 1581 putas

238 1596 396 1662 memoriis
424 1597 636 1679 apostolorum
663 1599 695 1661 et
721 1601 899 1662 sanctorum
931 1599 1070 1663 omnium
1100 1602 1357 1681 communicasse,

238 1700 297 1765 hoc
320 1721 378 1767 nos
400 1701 512 1767 fecisse
534 1720 595 1767 non
619 1703 720 1768 solum
743 1722 804 1766 non
822 1721 973 1785 negamus
992 1703 1047 1766 sed
1066 1705 1159 1768 etiam
1179 1706 1355 1788 gloriamur.

284 1806 335 1877 lb.
369 1807 431 1873 Sed
461 1810 498 1872 ut
529 1807 690 1873 ostendam
713 1811 832 1890 partem
855 1810 1003 1883 uestram,
1026 1810 1063 1871 ut
1085 1810 1199 1886 dixisti,
1222 1811 1358 1876 cruentis

240 1914 396 1979 morsibus
421 1916 553 1996 pastam,
580 1914 818 1979 christianorum
847 1913 996 1997 sanguine
1020 1916 1052 1976 et
1075 1915 1217 1980 carnibus
1241 1915 1356 1997 opima·

200 2032 225 2070 1⁵
240 2024 314 2098 tam,
342 2039 360 2083 a
380 2019 531 2103 principio
554 2039 611 2085 suo
634 2023 742 2084 uester
762 2019 825 2082 iam
847 2019 974 2083 rabidus
998 2020 1284 2084 commemorandus
1309 2025 1356 2084 est

237 2124 334 2204 furor,
366 2124 429 2189 iam
461 2128 568 2190 uestra
598 2124 764 2189 retexenda
793 2123 941 2206 inpietas,
969 2123 1031 2186 iam
1064 2125 1199 2187 stultitia
1230 2124 1353 2188 demon·

236 2231 370 2299 stranda.
401 2231 435 2295 in
462 2251 523 2314 quo
550 2233 636 2314 prius
665 2233 714 2296 est
741 2230 904 2295 ostendere·
931 2230 1170 2296 erubescendam
1201 2229 1354 2293 laetitiam

236 2340 374 2401 uestram
402 2340 435 2401 et
461 2336 575 2420 gaudia
601 2337 777 2413 criminosa,
801 2335 884 2418 quod
911 2335 1001 2400 uobis
1029 2335 1068 2398 ad
1094 2335 1216 2417 pristini
1243 2335 1352 2402 erroris

235 2444 413 2508 libertatem
438 2441 538 2506 redire
566 2443 673 2506 datum
701 2461 770 2506 esse
798 2441 982 2506 constiterit.
1020 2444 1177 2506 recensete
1203 2445 1351 2523 tempora,

194 2558 221 2598 ²⁰
239 2547 385 2612 discutite
407 2547 558 2612 rationem
581 2566 695 2624 rerum,
719 2546 886 2611 dissimilia
907 2550 982 2609 uota
1001 2548 1033 2610 et
1049 2563 1195 2628 personas
1214 2545 1352 2610 diuersas

275 2797 384 2852 lturba
400 2787 587 2861 &turbasti
657 2753 753 2866 generd
773 2800 852 2864 (corr.
871 2812 905 2848 m.
918 2798 944 2855 1)
959 2795 986 2850 R
1038 2793 1241 2849 2abicereRB
1293 2794 1349 2846 3in

237 2887 351 2956 aliquem
362 2886 461 2941 mRB
512 2885 673 2955 4pb’rosB
725 2885 911 2987 balilpuamB
965 2885 1157 2954 6quemquam
1171 2881 1350 2952 aliquandoG

236 3000 395 3071 'lpoteritis
419 2998 445 3053 G
532 2998 548 3052 8
575 2999 598 3053 si
624 2999 674 3053 hoc
690 3001 718 3052 B
788 2998 1036 3052 tessalonicensibus
1063 2997 1091 3064 (h
1114 3015 1135 3051 s.
1160 2996 1176 3051 l.
1200 3013 1234 3050 m.
1263 2999 1292 3062 2)
1311 2995 1347 3058 R,

234 3113 469 3170 tessalonicensibus
491 3113 526 3177 B,
553 3113 810 3167 thessalonicensibus
836 3112 861 3165 G
931 3113 947 3165 9
975 3111 1137 3166 Chorinthiis
1160 3112 1193 3174 P,
1222 3077 1347 3165 eonnth'is

234 3207 315 3271 (corr.
346 3218 380 3254 m.
415 3202 446 3267 2)
473 3199 508 3262 R,
541 3200 668 3253 corinthis
699 3202 725 3253 B
831 3201 938 3270 galatiis
968 3200 993 3253 G
1082 3200 1113 3252 10
1139 3199 1191 3251 tibi
1217 3199 1291 3252 nefas
1322 3199 1347 3252 G

235 3291 268 3344 12
290 3296 401 3359 negasse
425 3289 448 3355 (c'
468 3305 517 3357 rap.
540 3288 574 3340 m'
597 3303 631 3340 m.
653 3291 716 3356 rec.)
735 3289 762 3340 B
851 3289 883 3342 13
906 3290 1008 3358 postem
1027 3289 1053 3340 B
1141 3286 1193 3339 dixi
1210 3285 1265 3340 RB
1287 3286 1345 3340 edd.

236 3379 269 3432 14
295 3381 322 3431 et
348 3375 470 3431 carnibus
496 3391 547 3432 om.
573 3375 660 3430 RBob
687 3377 748 3444 (cfr.
767 3377 945 3431 Pomncoiaai
962 3377 1046 3429 uerbo
1063 3391 1093 3442 p.
1111 3375 1154 3437 48,
1176 3375 1219 3438 16;
1238 3374 1281 3437 52,
1301 3375 1344 3442 12)

235 3493 268 3546 15
294 3459 401 3556 {ebidus
419 3492 446 3545 P
532 3491 565 3543 16
587 3489 737 3561 retexenda]
761 3492 936 3560 repetendae
1024 3489 1057 3543 18
1076 3488 1109 3542 ad
1126 3487 1232 3559 pristini
1251 3488 1344 3542 erroris

232 3579 382 3634 libertatem
408 3578 507 3632 redisse
536 3577 678 3647 contigerit
694 3578 756 3642 PG,
785 3578 818 3631 ad
845 3596 882 3647 pr.
911 3595 958 3631 err.
985 3577 1136 3631 libertatern
1163 3574 1260 3629 factam
1288 3593 1344 3631 esse

233 3668 355 3722 constitit
383 3667 461 3733 nno,
493 3683 509 3720 a
535 3665 641 3734 pristini
672 3667 765 3719 erroris
795 3665 920 3719 libertate
951 3665 1050 3719 redisse
1083 3664 1223 3734 contigerit
1254 3663 1278 3728 b,
1310 3665 1344 3719 ad

232 3756 358 3826 pristinos
385 3772 483 3809 errores
514 3754 560 3808 lib.
587 3753 684 3807 factam
712 3771 733 3808 e.
764 3755 885 3808 constitit
916 3755 1010 3808 coniec.
1042 3753 1167 3816 Oosaob,
1198 3752 1274 3806 uobis
1304 3769 1342 3821 pr.

233 3845 328 3898 erroris
352 3843 399 3898 lib.
426 3841 523 3896 factem
554 3858 610 3896 esse
642 3842 783 3912 contigerit
815 3842 841 3906 d,
865 3843 898 3896 ad
929 3842 1035 3912 pristini
1067 3842 1159 3895 erroris
1189 3840 1341 3894 libertatem

231 3931 317 3986 rddirc
344 3931 435 3985 datum
462 3944 519 3983 esse
546 3930 695 3984 constiterit
721 3930 816 3998 sumpsi
838 3930 906 3997 (rer'si
926 3932 996 3998 forte
1013 3930 1107 3983 ornisso
1126 3929 1159 3982 ad
1176 3927 1342 3982 scribendum

233 4019 338 4089 pristini
360 4018 453 4073 erroris
474 4016 627 4071 libertatem
653 4018 782 4072 redditam
810 4033 866 4073 esse
895 4019 1090 4088 contigerit-
1113 4018 1161 4083 cfr.
1184 4032 1214 4083 p.
1241 4015 1283 4077 51,
1311 4013 1340 4064 3:

235 4132 309 4187 uobis
326 4132 435 4187 libertas
454 4133 495 4184 est
512 4129 626 4200 reddita)
681 4132 713 4185 19
731 4097 859 4185 τθοεηεῖτο
878 4133 903 4201 (a
921 4147 942 4186 s.
962 4133 979 4187 l.
997 4149 1031 4185 m.
1050 4134 1081 4199 2)
1099 4130 1135 4196 R,
1153 4125 1280 4183 recensito
1298 4124 1340 4178 Bo

235 4218 269 4274 20
283 4220 400 4274 rationes
418 4219 476 4272 cdd.
546 4220 642 4288 renum]
660 4235 752 4290 regum
764 4221 791 4274 P

284 4341 364 4382 xxvn.
1238 4320 1257 4371 4
