3044 4656
506 292 620 346 Liber
647 295 844 362 septimus,
873 311 894 348 o.
920 297 940 347 l.
1217 301 1275 362 161

164 508 184 551 a
209 484 267 550 deo
287 484 425 568 profecta
447 489 505 562 est,
528 488 566 549 ut
587 504 666 569 aqna
689 485 725 550 de
744 486 827 550 fonte
847 486 992 550 dilabitur
1010 490 1065 551 aut
1081 507 1183 570 poma,
1203 508 1280 570 quae

166 593 207 656 de
233 590 337 657 arbore
363 592 451 656 salua
476 591 579 655 radice
607 594 780 673 carpuntur.
808 611 868 657 non
896 591 983 674 perit,
1008 592 1091 673 quod
1119 596 1279 677 erogatum

169 700 226 775 est,
243 697 272 763 si
287 696 320 761 in
338 696 456 781 origine
475 715 533 762 sua
552 697 674 761 saluum
694 701 751 764 est.
777 697 907 779 denique
926 698 1050 781 Moyses
1069 703 1140 781 post
1158 699 1280 763 tabulas

168 821 288 885 sparsae
317 803 399 887 legis
432 806 463 868 et
494 803 702 868 comminutas
738 823 798 868 non
832 805 967 868 damnari
998 806 1112 870 meruit
1144 810 1176 870 et
1208 805 1280 871 Sina

118 910 272 992 -opostea
293 912 434 975 montem
455 912 622 974 reuocatus
655 910 795 975 ascendit
826 915 858 975 et
884 912 970 993 loqui
994 930 1064 975 cum
1088 912 1144 975 deo
1167 912 1279 976 iterum

165 1015 277 1080 meruit
299 1016 332 1080 et
358 1015 529 1080 secundum
556 1016 659 1098 legem
684 1015 865 1080 incenatum
893 1017 1021 1098 accepit,
1048 1036 1140 1098 qnam
1166 1017 1282 1102 prodiit

163 1121 274 1186 titulus
305 1120 394 1200 libri,
427 1121 481 1204 qui
514 1120 631 1186 Graeco
663 1117 817 1186 uocabulo
850 1121 1087 1187 deuteronomos
1124 1122 1279 1190 scribitur.

160 1246 231 1293 ecce
254 1247 317 1293 non
340 1228 422 1310 perit
446 1227 479 1291 in
505 1228 588 1311 lege,
616 1228 699 1310 quod
727 1228 848 1292 saluum
875 1227 976 1291 fuerat
1000 1227 1032 1290 in
1061 1226 1188 1312 origine.
1225 1228 1280 1293 sed

158 1353 196 1399 ne
224 1334 277 1398 cni
304 1333 450 1399 uideatur
475 1333 602 1415 Moyses
630 1333 778 1399 habuisse
805 1332 960 1409 meritum,
987 1335 1024 1395 ut
1050 1331 1087 1396 de
1116 1332 1279 1415 conloquio

115 1456 142 1498 ro
159 1439 317 1521 quandam
340 1438 423 1521 apud
446 1437 539 1503 deum
562 1439 706 1503 fiduciam
727 1440 758 1504 et
775 1438 844 1502 ideo
868 1437 958 1504 deum
982 1455 1041 1501 non
1063 1435 1177 1502 iratum
1199 1457 1279 1517 esse,

162 1547 194 1609 et
215 1543 276 1609 hoc
299 1544 327 1610 si
343 1544 390 1609 ita
408 1547 502 1621 esset,
521 1562 645 1627 semper
662 1544 800 1609 amicitia
816 1543 964 1607 meritum
983 1561 1073 1606 snum
1093 1545 1126 1606 et
1142 1544 1279 1609 fructum

163 1648 283 1733 erigere
310 1648 457 1715 debebat:
490 1667 583 1731 quare
609 1649 641 1712 in
669 1668 741 1714 eum
767 1655 876 1732 postea
898 1648 1091 1712 uindicatum
1114 1650 1172 1725 est,
1196 1648 1279 1729 quod

165 1753 313 1819 offendit?
334 1774 434 1822 nonne
457 1757 494 1819 nt
517 1755 732 1820 ostenderetur
752 1755 824 1819 lene
846 1753 944 1818 fuisse
966 1753 1056 1830 illud,
1076 1753 1159 1835 quod
1179 1752 1278 1817 iratus

166 1857 352 1924 admiserat?
369 1860 467 1930 lexin
492 1861 550 1926 deo
573 1879 648 1926 sana
668 1860 738 1936 fnit,
758 1863 790 1924 et
811 1860 976 1943 postquam
999 1859 1036 1922 ab
1059 1858 1184 1922 homine
1206 1864 1277 1922 cnm

124 1983 148 2022 1⁵
166 1964 282 2030 tabulis
303 1966 433 2049 lapideis
455 1966 552 2030 fracta
571 1966 632 2041 est3
657 1965 782 2031 deuotio
801 1983 879 2046 quae
898 1965 935 2028 ab
954 1963 1078 2029 homine
1098 1961 1277 2040 debebatur,

166 2067 220 2132 nbi
242 2068 377 2134 exhibita
395 2089 456 2135 non
480 2073 538 2147 est,
561 2070 686 2153 Moyses
708 2070 795 2134 illem
816 2088 947 2151 poenam
971 2067 1092 2146 meruit,
1116 2069 1153 2130 ut
1173 2067 1275 2133 medio

162 2173 273 2240 itinere
289 2178 469 2254 moreretur,
485 2195 522 2240 ne
536 2178 650 2239 terram
667 2175 881 2257 promissionis
899 2174 1037 2251 intraret,
1054 2173 1136 2238 unde
1155 2176 1278 2239 constat

160 2298 220 2345 non
250 2300 400 2367 magnum
431 2284 595 2365 peccatum
626 2300 718 2364 posse
751 2280 921 2363 conputari,
954 2280 1036 2361 quod
1062 2279 1276 2361 inpraesenti

160 2387 297 2471 exemplo
319 2387 425 2469 potuit
446 2387 563 2469 inpune
586 2388 749 2452 committi.
773 2388 848 2452 haec
871 2387 898 2450 si
920 2386 1139 2468 aparentibus
1161 2385 1275 2450 uestris

114 2511 141 2550 so
161 2492 346 2572 dicerentur,
368 2493 440 2576 quis
464 2494 509 2558 eis
533 2494 781 2558 communionem
803 2511 915 2576 negare
937 2492 1112 2576 potuisset?
1131 2490 1225 2574 qnid?
1249 2490 1276 2556 si

161 2600 193 2662 et
220 2598 276 2663 illa
306 2599 529 2683 consequentia
561 2601 700 2683 exempla
725 2601 937 2683 proponerent,
959 2598 992 2663 in
1015 2598 1127 2681 quibus
1148 2593 1274 2680 legitur,

88 2742 92 2748 -
160 2702 306 2768 innonata
336 2705 387 2770 lex
417 2724 488 2770 cnm
521 2706 687 2771 haberetur
716 2706 748 2770 in
780 2725 848 2770 area
880 2707 911 2770 et
936 2707 1072 2789 populus
1098 2704 1218 2770 Israhel
1242 2702 1274 2766 in

158 2810 277 2892 proelio
308 2811 493 2879 uinceretur.
531 2812 581 2875 lex
613 2831 689 2893 quae
721 2813 752 2874 in
780 2830 850 2874 arcu
876 2811 1005 2876 consilio
1031 2810 1217 2892 populorum
1241 2807 1274 2872 in

158 2913 267 2980 hostes
296 2914 400 2981 adlata
426 2919 482 2995 est,
511 2935 589 2998 qnae
617 2918 654 2979 ab
681 2915 758 2998 ipsis
789 2916 978 3000 presbyteris
1006 2919 1038 2980 et
1064 2914 1175 2978 ceteris
1201 2911 1274 2977 filiis

113 3048 139 3087 n
158 3020 279 3086 Israhel
302 3020 429 3086 defendi
449 3040 507 3087 non
529 3021 643 3102 potuit,
668 3024 701 3084 et
717 3020 853 3085 inimicis
872 3024 921 3086 est
937 3020 1058 3096 hadita,
1079 3018 1153 3082 dum
1171 3015 1274 3081 minus

159 3128 207 3190 est
226 3129 406 3212 reportata:
433 3127 546 3191 tradita
571 3127 640 3209 lege
664 3125 718 3208 qui
741 3125 936 3191 adferendam
959 3125 1104 3200 dixerant,
1127 3123 1275 3205 fugerunt

159 3216 260 3296 timidi
281 3234 314 3297 et
335 3250 397 3296 non
419 3232 567 3318 leguntur
588 3234 698 3312 postea
718 3233 750 3295 in
774 3230 912 3296 uindicta
938 3229 1054 3314 aliquid
1080 3228 1174 3311 passi.
1205 3227 1274 3292 sia

160 3338 336 3417 parentibus
358 3337 474 3402 nestris
497 3337 574 3401 haec
600 3337 679 3401 ratio
706 3327 894 3414 redderetur,
924 3337 1002 3419 quis
1018 3354 1073 3400 eos
1097 3354 1115 3398 a
1137 3352 1273 3398 commu-

161 3439 249 3505 nione
266 3461 322 3506 sua
338 3443 488 3525 repellere
502 3443 678 3524 potuisset?
697 3441 793 3523 quid?
812 3440 838 3504 si
856 3460 912 3504 nec
930 3440 1142 3521 illaerempla
1158 3439 1272 3503 tacuis-

246 3680 263 3732 5
281 3680 326 3735 cir.
342 3682 425 3737 Exod.
444 3682 486 3748 84,
505 3685 534 3748 23
552 3684 632 3737 Dent.
653 3685 692 3745 10,
713 3684 727 3737 1
782 3683 816 3736 16
827 3676 879 3735 cfr.
894 3681 973 3736 Num.
986 3681 1030 3745 20,
1043 3680 1087 3746 12;
1101 3681 1181 3735 Dent.
1197 3681 1220 3744 1,
1234 3680 1268 3733 37
1380 3720 1383 3724 .

158 3768 194 3820 22
212 3783 252 3836 aq.
270 3766 315 3849 cfr.
331 3767 347 3823 Ι
362 3770 429 3839 Beg.
445 3771 470 3836 4,
490 3771 584 3825 3-11.

193 3910 207 3962 1
227 3906 377 3977 perfectnb
429 3911 448 3964 4
463 3929 522 3966 cnm
540 3929 593 3965 non
612 3913 699 3966 damn.
718 3928 767 3966 ser.
785 3910 901 3966 Cenaeo.
971 3909 1111 3964 meruisset
1124 3908 1183 3978 (om.
1199 3903 1264 3971 et)b

155 3998 172 4051 6
190 3995 310 4066 prodidit
327 3996 395 4052 cosi.
416 3996 531 4054 Occaub.
597 3999 630 4053 13
648 4016 699 4052 non
718 4002 748 4053 ut
766 3998 782 4052 b
852 3998 887 4051 14
904 3995 977 4066 sana]
993 3996 1088 4051 malim
1106 3996 1197 4048 sancta
1215 3991 1264 4057 cfr.

155 4085 232 4139 Rom.
259 4088 283 4150 7,
307 4086 345 4138 12
430 4084 462 4141 15
484 4086 589 4140 faetab
692 4084 764 4140 facta
787 4089 827 4140 est
849 4085 955 4139 deuotio
979 4101 1031 4154 qua
1053 4083 1120 4138 coci.
1145 4077 1265 4133 Caecub.

158 4172 192 4225 16
206 4173 254 4227 illa
271 4172 392 4243 poencb
444 4175 478 4229 18
494 4175 639 4245 praesenti]
656 4175 836 4244 praeceptisb
891 4174 923 4227 19
940 4172 1061 4243 patuith
1170 4237 1175 4245 Ι

164 4338 167 4344 Δ
208 4296 286 4336 xxvi.
1164 4273 1194 4325 11
