3044 4656
489 307 602 362 Liber
625 310 764 366 sextus,
789 324 809 360 c.
828 307 907 360 4-6.
1188 313 1252 375 153

135 497 274 562 executio
297 518 358 562 non
381 499 485 580 potuit
506 498 659 582 ignorare:
689 500 844 563 uelamina
867 502 898 563 et
920 500 1125 564 instrumenta
1152 503 1248 566 domi-

133 605 203 668 nica
221 604 403 680 extorsistis,
423 623 501 686 quac
518 605 699 668 iamdudum
717 607 839 670 fuerant
856 606 887 669 in
907 622 1071 670 commune
1087 626 1250 689 possessaa

134 709 306 773 extorsistis
339 729 409 773 cum
442 710 607 786 codicibus
634 711 746 793 pallasz
783 711 900 775 iudicio
933 712 1094 794 superbiae
1125 717 1251 778 uestrae

134 816 263 896 utraque
292 816 430 879 arbitrati
459 817 535 881 estis
564 836 632 881 esse
660 818 791 900 polluta.
829 817 890 881 nisi
916 817 1015 893 fallor,
1042 817 1119 882 haec
1146 819 1249 883 omnia

107 920 293 1000 spurificare
315 923 518 1004 properastis:
551 906 675 988 lanistis
696 924 806 1007 procul
835 923 928 988 dubio
956 924 1069 1005 pallam
1101 924 1247 1003 indicate,

132 1026 206 1107 quid
229 1026 266 1091 de
290 1028 450 1092 codicibus
468 1028 616 1094 feceritis.
640 1029 671 1092 in
696 1029 840 1093 omnibus
862 1029 1013 1092 iudicium
1035 1031 1250 1112 prouidentiae

130 1135 252 1196 uestrae
276 1133 368 1197 debet
391 1153 459 1198 esse
482 1137 624 1218 aequale:
653 1140 709 1200 aut
735 1139 902 1218 utrumque
925 1136 1028 1199 lauats
1052 1139 1107 1199 aut
1129 1139 1247 1200 utrum·

129 1256 188 1319 que
221 1237 379 1302 dimittite.
418 1241 528 1322 quodsi
565 1242 654 1306 alitor
694 1242 804 1319 facias,
846 1241 1010 1323 corrupisti
1050 1241 1244 1325 diligentiam

127 1346 230 1419 tuamc
262 1345 377 1427 pallam
409 1346 511 1423 lanas,
544 1350 682 1414 codicem
715 1369 776 1414 non
808 1349 911 1412 leuas:
949 1347 975 1410 si
1005 1348 1036 1411 in
1069 1367 1130 1412 uua
1161 1352 1250 1431 parte

84 1469 109 1508 ιο
127 1449 244 1514 bonnm
269 1455 327 1527 est,
351 1452 382 1514 in
406 1453 503 1516 altera
525 1455 642 1518 malum
666 1458 723 1518 est.
760 1472 821 1517 non
848 1460 937 1535 potes
961 1473 1072 1538 negare
1096 1454 1251 1519 offendere

128 1558 159 1617 te
182 1556 214 1618 in
238 1574 309 1628 una,
332 1556 361 1618 si
383 1557 414 1618 in
437 1557 534 1620 altera
555 1560 747 1639 promereris,
772 1561 804 1621 et
827 1557 854 1619 si
877 1560 1004 1641 gaudes,
1028 1561 1111 1640 quod
1132 1560 1163 1623 in
1187 1579 1252 1623 uua.

128 1659 264 1723 uidearis
291 1660 468 1742 religiosus,
497 1661 590 1724 debes
615 1665 647 1723 et
668 1663 824 1742 plangere,
852 1662 924 1741 quia
950 1663 1065 1725 teneris
1092 1663 1122 1724 in
1152 1664 1249 1724 altera

128 1767 216 1844 parte
239 1764 420 1846 sacrilegus.
1210 1767 1214 1775 '

173 1869 205 1933 b.
229 1869 296 1930 lam
319 1867 398 1930 illud
422 1869 512 1949 quale
535 1879 592 1933 est.
616 1869 698 1950 qnod
720 1870 752 1932 iu
775 1869 882 1932 multis
905 1869 984 1932 locis
1003 1869 1096 1932 etiam
1114 1867 1247 1948 parietes

88 1989 112 2026 1⁵
130 1975 236 2038 lauare
251 1974 398 2038 uoluistis
414 1979 446 2038 et
462 1974 583 2039 inclusa
600 1975 700 2057 spatia
718 1992 798 2057 aqua
816 1975 899 2038 salsa
916 1974 1019 2058 spargi
1036 1972 1250 2055 praecepistis.

131 2099 252 2161 oeque
277 2099 355 2162 quae
376 2080 480 2144 dulcis
503 2099 521 2143 a
544 2081 600 2144 deo
624 2085 727 2144 creata
754 2099 797 2155 es,
826 2099 919 2162 super
946 2098 1036 2162 quam
1065 2081 1134 2142 ante
1161 2078 1247 2161 ipsos

129 2187 248 2250 natales
280 2179 390 2249 mundi
421 2189 546 2251 sanctus
579 2186 707 2269 spiritus
738 2186 902 2250 ferebatur.
942 2205 958 2250 o
988 2205 1076 2267 aqua,
1105 2203 1183 2266 quas
1212 2188 1248 2249 ut

128 2312 240 2374 purum
261 2292 379 2356 faceres
398 2293 513 2370 orbem,
532 2293 640 2357 lauisti
658 2296 785 2357 terram!
810 2313 827 2358 o
847 2311 935 2374 aqua,
955 2311 1033 2374 quae
1053 2291 1110 2355 sub
1125 2291 1244 2373 Moyse,

129 2399 166 2461 ut
183 2400 355 2463 naturalem
375 2397 610 2462 amaritudinem
627 2397 781 2480 perderes,
800 2397 959 2461 indulcata
976 2397 1060 2480 ligno
1084 2399 1132 2461 tot
1148 2415 1246 2478 popu-

89 2515 113 2554 ²⁰
128 2504 231 2567 lorum
267 2508 394 2587 pectora
424 2504 621 2568 suauissimis
653 2505 818 2568 haustibus
850 2503 985 2567 satiasti!
1020 2502 1158 2566 restabat
1188 2500 1246 2564 tibi

221 2695 252 2745 17
273 2693 319 2746 cfr.
338 2692 403 2746 Gen.
425 2695 481 2760 1,2
537 2696 569 2750 19
588 2695 632 2747 cfr.
651 2695 731 2748 Exod.
752 2696 792 2757 15,
811 2693 915 2747 23-25

169 2814 190 2866 1·
206 2813 336 2880 executio]
359 2816 490 2867 excusatio
512 2814 583 2869 RBo
654 2815 796 2885 uelamina]
818 2815 955 2870 uolumina
977 2817 1088 2870 coniecit
1113 2813 1202 2868 Oocbi.
1221 2818 1249 2865 ct

129 2902 259 2972 probauit
275 2900 390 2954 Oasarcb.
462 2905 610 2955 strumenta
618 2902 688 2954 RBo
703 2901 1009 2966 circumclamata),
1023 2899 1248 2969 insltrumsntaC

132 2991 189 3060 (scd
210 2990 259 3056 cfr.
278 3005 309 3056 p.
334 2987 375 3050 30,
400 2989 425 3053 1)
497 2989 512 3040 2
536 2987 685 3042 extorsistis
707 2987 734 3040 B
813 3007 878 3059 quae
906 2988 1245 3044 iamdudum—extorsistis

132 3096 182 3133 om.
195 3078 244 3132 OG
298 3073 859 3145 incommunionsRBob(cfr.p.152‚19)
895 3076 1114 3131 tertorcistisB
1166 3075 1248 3129 idest

133 3184 191 3220 cum
215 3166 296 3220 codic.
324 3165 373 3219 OG
461 3164 557 3233 pallas]
583 3163 665 3232 pollis
685 3178 795 3230 propos.
822 3164 938 3218 Ccscub.
969 3165 1028 3233 (cfr.
1056 3163 1155 3217 Uictor.
1179 3162 1245 3217 Utis.

134 3282 159 3341 1,
172 3280 219 3344 39;
238 3281 262 3343 2,
284 3279 326 3348 18)
378 3279 503 3333 domnia
520 3296 570 3333 om,
588 3276 673 3332 RBvb
727 3244 864 3332 blauisti⁸
874 3283 896 3345 (s
915 3281 981 3334 odd.
1000 3295 1034 3331 m.
1053 3277 1119 3343 IlB
1189 3278 1245 3333 sins

134 3392 215 3447 rubro
234 3393 284 3449 cc
352 3361 561 3465 apanensi
577 3395 602 3457 (e
619 3408 640 3446 s.
660 3393 676 3446 r.
695 3410 728 3446 m.
747 3396 772 3456 1)
791 3392 819 3445 n
881 3390 1247 3447 traua...dimitte1tBoo

133 3480 151 3533 8
178 3479 243 3533 facis
270 3481 320 3536 dd
425 3481 537 3550 corrup]
574 3480 719 3549 concupisti
749 3478 812 3541 RB,
846 3480 1000 3548 concupisti,
1033 3477 1173 3546 diligentia
1199 3483 1247 3532 tna

134 3584 160 3636 p.
178 3584 194 3619 vu
297 3569 453 3623 9codicem
477 3585 529 3621 non
552 3568 627 3621 lanas
649 3584 699 3621 om.
717 3566 787 3621 RBo
893 3556 927 3620 10
950 3570 992 3619 est
1014 3554 1125 3620 cumin
1147 3582 1197 3620 orn.
1214 3567 1249 3620 ob

134 3655 163 3707 in
182 3653 293 3706 alteram
307 3655 333 3707 B
420 3672 473 3709 non
491 3658 581 3724 potest
598 3654 689 3726 negari
708 3654 833 3709 offendis
921 3653 1060 3708 offenderis
1077 3654 1105 3707 in
1123 3670 1176 3708 nna
1192 3653 1249 3708 RB

136 3744 168 3796 11
187 3742 216 3795 in
235 3743 356 3797 unamG
425 3745 453 3797 in
471 3744 539 3798 alter
551 3744 579 3797 B
647 3744 813 3815 promereris]
831 3743 1003 3813 praemereris
1017 3757 1054 3815 (rc
1068 3743 1117 3797 del.
1131 3759 1165 3796 m.
1177 3745 1206 3808 2)
1225 3740 1250 3795 0

134 3829 278 3900 premeris
299 3829 325 3882 G
387 3832 418 3885 12
438 3832 535 3887 uideris
555 3849 611 3887 esse
632 3833 682 3888 OG
738 3835 773 3886 14
791 3837 819 3887 ct
835 3833 984 3903 parietesc
1037 3833 1070 3886 15
1087 3831 1201 3899 inclusa]
1219 3831 1247 3883 in

135 3934 215 3972 causa
231 3916 303 3972 RBo
320 3919 422 3984 (Gocbl.
442 3921 552 3976 coniecit
569 3921 625 3975 sins
644 3923 732 3988 causa)
804 3938 874 3990 aqna
891 3937 941 3974 om.
959 3920 1028 3974 RBo
1114 3921 1146 3972 16
1165 3918 1251 3970 dulcis

136 4021 203 4075 qnae
228 4003 277 4058 06
348 4010 436 4060 creata
453 4010 495 4062 cst
512 4007 588 4062 codd.
659 4024 738 4076 supra
756 4024 834 4076 quam
853 4010 959 4061 etanta
982 4007 1030 4062 od
1100 4005 1183 4075 ipsius
1202 4020 1251 4056 na-

136 4093 218 4145 talem
235 4091 322 4147 RBvb
395 4095 426 4147 17
449 4096 559 4166 spiritns
582 4099 688 4150 sanctus
710 4096 737 4149 B
809 4095 842 4148 18
865 4095 956 4148 lauisti
979 4091 1107 4147 terrarum
1130 4090 1250 4143 rabidam

137 4182 243 4245 gentem
264 4181 315 4236 OG
384 4200 492 4254 moysen
509 4184 565 4239 RB
