3044 4656
609 300 725 355 Liber
751 303 909 369 tertius,
937 321 959 358 c.
979 304 1010 360 8.
1327 317 1367 380 91

242 488 370 570 paruuli
395 491 602 571 ‘portabantur
632 491 671 555 ad
702 493 810 572 nefas,
830 499 975 578 parentes
1007 497 1169 565 incruenta
1203 503 1369 585 parricidia

243 592 345 658 faeere
368 595 566 678 cogebantur,
586 597 640 661 alii
663 599 855 683 cogebantur
876 603 995 684 templa
1013 603 1063 668 dei
1086 605 1152 670 uiui
1175 608 1368 687 subuertere,

244 698 298 762 alii
326 698 483 765 Christum
514 721 636 787 negare,
661 704 714 768 elii
744 705 833 789 leges
866 707 988 773 diuinas
1015 710 1189 791 incendere,
1218 714 1271 777 alii
1298 716 1368 779 tura

243 822 365 886 ponere.
395 805 506 871 borum
534 809 653 891 aliquid
681 829 700 874 a
726 811 863 879 Macario
895 815 1014 898 factum
1041 835 1111 882 esse
1138 837 1195 883 neo
1222 838 1280 883 uos
1306 819 1368 902 ipsi

210 929 224 968 s
244 911 417 996 confingere
440 915 595 995 poteritis.
620 916 678 981 sub
701 922 901 999 persecutore
919 920 1011 987 Floro
1031 922 1191 988 christiani
1212 924 1367 990 idolorum

243 1019 432 1102 cogebantur
463 1022 502 1085 ad
531 1023 664 1105 templa;
689 1024 747 1088 sub
774 1025 911 1091 Macerio
937 1028 1019 1112 pigri
1046 1030 1300 1112 conpellebantur
1327 1031 1366 1094 ad

241 1117 410 1192 basiticam.
435 1127 494 1190 sub
516 1127 609 1192 Floro
633 1128 802 1210 dicebatur,
825 1134 862 1195 ut
883 1135 1050 1215 negaretur
1072 1131 1215 1199 Christus
1234 1136 1266 1198 et
1282 1134 1367 1200 idola

239 1233 438 1313 rogarentur;
472 1221 580 1297 contra
612 1234 670 1299 sub
702 1235 839 1317 Macerio
872 1238 1149 1304 commonebantur
1179 1259 1298 1319 omnes,
1331 1243 1367 1304 ut

239 1334 316 1400 deus
339 1356 422 1402 unus
445 1338 561 1419 pariter
578 1340 610 1403 in
629 1341 762 1407 ecclesia
780 1342 818 1406 ab
838 1345 983 1409 omnibus
1005 1346 1176 1427 rogaretur.
1201 1365 1274 1430 ergo
1292 1365 1365 1411 cum

192 1441 375 1506 mordeatis
399 1441 641 1508 christianorum
663 1447 785 1511 nullum
808 1448 906 1513 fuisse
929 1447 1048 1514 bellum
1072 1443 1111 1496 4-
1137 1453 1169 1514 et
1192 1452 1258 1517 sine
1280 1452 1372 1537 bello

146 1584 149 1588 -
185 1574 186 1578 ¹
239 1546 361 1627 aliquos
398 1548 540 1620 mortuos
577 1566 647 1612 esse
688 1554 913 1617 commemoret
954 1552 1046 1632 deus,
1084 1574 1157 1620 cum
1194 1557 1287 1622 dieit:
1327 1561 1366 1622 et

238 1650 379 1713 mortui
400 1650 437 1713 iu
462 1650 508 1727 te,
532 1669 605 1716 non
624 1641 943 1720 mortuiisbello
961 1662 1055 1722 -et
1078 1658 1190 1723 dubios
1212 1662 1364 1742 martyres

156 1838 157 1841 Ἴ
239 1771 333 1833 posse
356 1772 410 1818 eos
434 1772 514 1831 esse,
538 1755 592 1837 qui
614 1775 674 1829 non
697 1759 762 1823 sint
783 1760 837 1823 uel
858 1758 898 1822 ad
920 1778 1008 1824 sacra
1030 1761 1182 1844 sacrilega
1202 1764 1365 1842 prouocati

240 1857 296 1921 uel
321 1857 361 1921 ad
387 1857 537 1923 inmunda
562 1859 690 1925 incensa
716 1864 769 1928 uel
795 1862 836 1928 ed
862 1864 1060 1946 negationem
1086 1863 1220 1934 nominis
1248 1863 1309 1942 dei,
1334 1867 1366 1928 et
1461 1939 1463 1943 ¹

197 1978 222 2017 ιε
240 1982 313 2027 eum
340 1963 380 2027 ad
406 1965 590 2048 martyrium
616 1983 677 2029 non
705 1966 748 2030 sit
773 1967 926 2031 transitus
953 1966 1024 2056 nisi⁴
1039 1987 1096 2049 per
1126 1968 1364 2045 confessionem,

240 2068 396 2150 quomodo
430 2069 533 2134 dicitis
566 2072 728 2154 martyres,
756 2071 810 2152 qui
837 2090 897 2135 non
924 2071 1052 2135 fuerunt
1078 2070 1283 2149 confessores,
1310 2075 1367 2135 ant

240 2174 310 2256 quis
339 2191 447 2250 eorum
474 2185 587 2260 negare
614 2179 742 2242 coactus
770 2178 820 2240 est
846 2178 879 2240 et
906 2177 1069 2242 confessus
1101 2178 1151 2256 est
1178 2175 1364 2241 Christum?

240 2280 268 2344 si
289 2279 388 2363 igitur
409 2299 466 2345 nec
489 2281 672 2366 martyrium
692 2281 758 2346 sine
778 2280 896 2345 Christi
918 2281 1053 2346 nominis
1077 2281 1272 2346 confessione
1295 2298 1364 2345 esse

238 2387 345 2468 potest
368 2387 400 2449 et
421 2396 512 2450 nemo
536 2373 707 2451 confossus
723 2389 773 2450 est
791 2390 824 2450 et
844 2385 876 2449 in
899 2385 1039 2450 uindicta
1060 2385 1295 2467 praeceptorum
1313 2384 1365 2449 dei

194 2505 222 2544 ²⁰
239 2490 359 2556 factum
383 2496 441 2571 est,
465 2490 549 2572 quod
569 2491 688 2556 facturn
712 2510 781 2556 esse
804 2490 921 2569 dicitis,
942 2493 975 2554 et
997 2509 1015 2553 a
1036 2489 1129 2553 nobis
1151 2487 1271 2566 factum
1294 2507 1363 2553 esse

241 2595 360 2678 aliquid
381 2615 442 2672 non
464 2596 614 2678 probatis,
634 2616 706 2662 cum
727 2596 771 2674 id,
791 2596 874 2678 quod
891 2596 1010 2660 factum
1029 2596 1089 2672 est,
1108 2597 1140 2659 et
1158 2592 1366 2658 deusdixerit

241 2702 287 2784 sic
308 2702 451 2766 futurum
474 2720 543 2766 esse
566 2704 599 2765 et
621 2702 688 2766 eius
711 2703 786 2766 sunt
802 2701 961 2765 uindicata
982 2701 1167 2783 praecepta:
1189 2697 1306 2774 uidete,
1326 2717 1364 2761 ne

241 2827 301 2872 non
333 2808 441 2872 solum
468 2825 584 2870 uanum
616 2807 672 2869 sed
703 2806 798 2869 etiam
826 2805 1080 2887 superstitiosum
1108 2804 1151 2869 sit
1182 2803 1249 2868 sine
1279 2803 1363 2867 bello

241 2910 454 2978 mortuos·*ibi
478 2929 603 2992 ponere,
631 2911 687 2974 ubi
713 2913 797 2988 sunt,
825 2911 936 2992 quiin
964 2909 1123 2977 Christum
1151 2908 1286 2974 confessi
1307 2927 1363 2990 pro

194 3033 227 3072 sev
243 3018 292 3082 dei
318 3017 443 3082 nomine
469 3016 549 3080 mori
570 3016 753 3098 potuerunt.
782 3017 837 3078 aut
860 3014 887 3080 si
910 3033 963 3079 eos
985 3017 1137 3097 martyres
1161 3027 1230 3078 esse
1253 3013 1363 3088 uultis,

241 3124 369 3206 probate
395 3122 467 3185 illos
496 3139 617 3184 amasse
643 3138 762 3202 pacem,
789 3119 821 3183 in
850 3138 910 3202 qua
936 3120 1036 3202 prima
1063 3123 1137 3183 sunt
1162 3119 1365 3182 fundamenta

241 3227 389 3310 martyrii,
418 3229 474 3290 aut
504 3224 648 3289 dilexisse
677 3224 734 3288 deo
765 3224 914 3307 placitam
940 3225 1105 3303 unitatem,
1134 3226 1190 3288 aut
1215 3222 1363 3288 babuisse

331 3418 360 3471 11
380 3416 425 3469 ns.
444 3415 520 3480 aaa
555 3487 558 3492 ⁷

278 3555 426 3626 lparuuli]
449 3554 526 3625 parui
546 3553 626 3607 liberi
647 3552 735 3608 RBob
824 3556 934 3608 omenta
950 3553 1005 3608 RB
1076 3553 1158 3606 aelii
1182 3552 1365 3622 urguebantur

243 3642 347 3713 (urgeb.
363 3685 368 3696 .
387 3643 424 3712 B)
442 3643 505 3708 RB,
525 3636 559 3696 al.
577 3641 711 3709 urgebant
727 3657 743 3695 o
808 3640 824 3694 3
843 3640 985 3694 accendere
1003 3640 1074 3695 RBo
1099 3629 1163 3708 (cfr,
1181 3641 1199 3693 t.
1219 3642 1253 3694 14
1271 3640 1306 3694 ad
1322 3639 1364 3692 in-

241 3731 341 3785 munda
357 3730 475 3799 incensa)
513 3729 664 3783 ⁸defectum
683 3730 725 3782 ert
740 3728 797 3784 RB
873 3744 922 3782 uos
939 3743 990 3781 om.
1009 3726 1065 3782 RB
1117 3726 1319 3796 boonfringere
1337 3726 1364 3778 B

240 3817 258 3872 8
280 3816 553 3871 commemorabantur
573 3814 694 3868 homines
712 3813 789 3868 utG
841 3815 858 3879 9
876 3829 944 3867 unns
961 3813 990 3866 in
1012 3829 1067 3867 una
1085 3812 1199 3867 ecclesia·
1216 3810 1364 3883 pariter&

242 3922 305 3975 ergo
324 3906 566 3973 cum-potuerunt
579 3904 627 3955 aut
639 3902 677 3971 (a.
690 3901 735 3968 25)
750 3917 800 3956 om.
813 3900 902 3955 RBcb
939 3901 972 3953 13
986 3898 1021 3953 ad
1034 3899 1135 3966 (adeor.
1147 3901 1166 3953 i.
1178 3916 1228 3970 nup.
1241 3916 1276 3954 m.
1288 3900 1321 3965 2)
1338 3897 1365 3952 G

241 3994 276 4047 25
293 3993 318 4047 si
336 4007 416 4061 supra
437 3992 596 4062 memoratos
618 3986 704 4042 uideri
723 3989 853 4057 martyres
875 3987 958 4041 uultis
980 3978 1068 4053 RBob
1092 3987 1155 4054 (cfr.
1179 3988 1269 4041 locem.
1290 4000 1318 4040 u.
1337 3985 1363 4054 9)

241 4080 277 4134 26
295 4096 311 4134 a
327 4076 460 4133 masseG
531 4078 594 4131 sunt
611 4077 697 4147 prima
716 4075 742 4129 G
807 4074 841 4129 27
858 4073 980 4143 martyrii
998 4073 1076 4139 (aad.
1094 4075 1114 4130 i.
1132 4090 1184 4143 rap.»
1201 4091 1235 4128 m.
1256 4076 1275 4125 3
1294 4089 1364 4125 mar·

242 4167 353 4236 tyrium)
375 4166 400 4221 G
