3044 4656
435 339 458 392 Ι.
483 336 583 392 Gesta
606 338 691 410 apud
712 339 936 410 zenophilum.
1141 293 1152 345 ι
1186 344 1249 406 193

94 582 96 587 .
129 533 257 601 seiebam
280 534 406 592 enimin
429 551 543 594 oausam
565 536 766 611 imperatorum
793 538 829 595 ad
856 537 912 596 hoe
938 553 991 596 nes
1020 555 1082 596 esse
1103 540 1250 608 uenturos,

127 622 199 678 ‘dum
222 620 296 679 enirn
319 622 425 687 talibus
448 624 656 684 conmittitur..

176 710 248 768 Item
274 710 400 769 induetis
428 713 456 769 et
482 712 627 786 adphoitis
649 713 763 772 Uictore
785 712 938 772 Samsurioi
962 715 990 771 et
1011 713 1162 772 Saturnino
1189 714 1249 786 fos·

133 797 245 857 soribns
267 798 437 872 Zenophilns
459 816 487 858 ι.
512 818 537 859 ι.
561 801 718 860 consularis
742 801 825 862 dixit:
849 801 913 874 quis
935 802 1065 861 uoearis?
1085 801 1307 876 respondite·

102 885 313 947 ⁵Se'turninus.
337 887 508 962 zenophilus
530 907 558 949 u.
579 907 604 949 e.
628 889 788 949 consularis
806 889 889 948 dixit:
914 890 993 948 euius
1010 890 1185 963 condicionis
1203 892 1252 948 es?

133 975 303 1033 Saturninus
334 977 496 1050 respondit:
528 978 632 1038 fossor.
666 977 837 1053 zenophilus
868 994 897 1036 ι.
921 995 946 1036 o.
980 978 1137 1038 eonsuleris
1167 977 1251 1036 dixit:

132 1058 279 1122 Siluanum
310 1065 367 1122 sois
399 1083 460 1124 esse
492 1067 679 1127 traditorem?
700 1066 873 1126 vSaturninus
901 1066 984 1125 dixit:
1016 1067 1076 1126 soio
1106 1067 1253 1126 lueernam

131 1152 284 1210 tradidisse
311 1156 484 1235 argenteam.
520 1156 692 1231 Zenophilns
714 1173 742 1216 u.
767 1173 792 1215 e.
817 1154 974 1214 consularis
996 1155 1147 1215 Saturnino
1171 1153 1253 1213 dixit:

132 1241 200 1313 qnid
222 1241 318 1299 aliud?
349 1243 517 1302 Saturninus
543 1245 705 1319 respoudit:
729 1244 807 1302 aliud
833 1243 945 1313 neseio,
973 1244 1029 1303 nisi
1056 1244 1123 1318 qnia
1154 1244 1257 1317 depost

89 1337 114 1376 ¹⁰
133 1345 228 1387 oroam
251 1347 312 1388 eam
335 1331 426 1391 eiecit.
452 1335 480 1390 et
501 1337 610 1393 remoto
633 1333 786 1392 Saturnino
804 1331 975 1406 zenophilus
996 1351 1025 1393 u.
1049 1350 1074 1393 e.
1097 1331 1256 1392 consularis

134 1417 205 1475 dixit
223 1418 363 1476 adstanti:
387 1422 418 1476 tn
440 1419 503 1492 quis
526 1421 656 1479 uoearie‘t
679 1420 840 1495 respondit:
863 1420 961 1479 Uictor
982 1421 1143 1480 Samsuriei.
1166 1421 1256 1479 Zeno·

133 1505 230 1576 philus
252 1521 281 1563 u.
306 1514 330 1563 o.
355 1506 513 1564 consularis
537 1508 619 1566 dixit:
654 1508 733 1566 euius
761 1507 935 1567 condicionis
967 1512 1016 1568 es?
1046 1510 1145 1567 Uietor
1171 1508 1254 1566 dixit:

134 1591 236 1649 artifex
259 1608 331 1650 sum.
355 1592 527 1665 zenophilus
549 1606 578 1652 ι.
603 1610 628 1652 e.
652 1593 810 1652 consularis
833 1593 916 1652 dixit:
944 1595 1071 1655 tabulam
1093 1596 1257 1668 argenteam

135 1679 199 1751 quis
227 1678 364 1736 tradidit?
397 1679 495 1736 Uictor
520 1680 681 1752 respondit:
713 1696 772 1738 non
798 1679 871 1748 nidi:
899 1683 975 1753 quod
1002 1682 1071 1750 seio,
1098 1683 1154 1739 hee
1181 1680 1255 1737 dieo.

99 1785 112 1822 ι
138 1765 311 1837 zenophilus
332 1783 361 1823 ι.
386 1783 409 1824 e.
436 1766 594 1825 consularis
618 1767 689 1825 dixit
710 1766 832 1824 Uictori:
859 1767 928 1823 lieet
953 1767 1009 1824 iam
1037 1765 1198 1824 eonstiterit
1223 1781 1258 1823 ex

137 1853 326 1925 responsione
350 1870 455 1923 eorum,
480 1853 529 1927 qni
551 1870 639 1928 supra
661 1857 728 1912 snut
748 1852 924 1926 interrogati,
947 1856 1044 1911 tamen
1061 1855 1094 1910 tu
1112 1852 1255 1923 confitere,
1338 1861 1340 1864 ’

137 1948 232 1999 utrum
255 1941 387 1999 Siluanus
410 1941 532 2000 traditor
555 1941 602 2001 sit.
626 1941 724 2000 Uietor
747 1941 830 1999 dixit:
855 1942 979 1999 seeundo
1002 1943 1099 2014 petato
1122 1933 1160 2019 (ι)
1185 1941 1266 2012 ιιιο-’

136 2029 220 2088 modo
244 2029 299 2087 hoe
322 2029 439 2098 dimisit,
463 2032 496 2087 ut
522 2030 688 2088 dnoeremnr
710 2030 746 2088 ad
770 2028 979 2102 Carthaginem,
1008 2046 1056 2088 ore
1082 2027 1173 2103 ipsius
1195 2027 1256 2100 epi-

136 2117 217 2192 seopi
235 2117 345 2175 audiui:
370 2118 437 2175 data
459 2120 504 2176 est
524 2118 594 2176 mihi
616 2119 733 2177 lueerna
750 2117 887 2190 argentea
904 2119 932 2175 et
949 2116 1105 2192 capitulata
1121 2117 1257 2190 argentea

90 2227 116 2264 oo
136 2208 166 2264 et
185 2207 238 2264 has
261 2205 376 2263 tradidi.
400 2206 571 2280 Zenophilns
593 2223 622 2265 ι.
647 2223 672 2266 e.
696 2205 854 2265 consularis
870 2205 978 2265 Uictori
997 2204 1149 2265 Sementiei
1171 2203 1254 2262 dixit:

136 2312 153 2352 a
177 2311 232 2368 quo
256 2293 380 2352 audisti?
402 2295 501 2354 Uietor
523 2295 607 2353 dixit:
636 2313 654 2353 a
676 2294 791 2353 Siluano
814 2293 958 2370 episeopo
985 2293 1156 2368 zenophilus
1177 2309 1205 2352 ι
1230 2308 1255 2349 e.

136 2382 296 2447 consularis
318 2382 427 2441 Uictori
449 2383 535 2442 dixit:
565 2383 632 2441 ab
624 2399 688 2483 rpso
711 2383 826 2451 audisti,
851 2384 927 2455 quod
953 2382 1136 2441 tradidisset?
1123 2380 1257 2440 ιιιιιιιι

134 2471 219 2529 dixit:
248 2470 315 2528 ab
306 2487 369 2543 rpso
393 2471 498 2543 andini,
523 2473 600 2545 quod
621 2472 682 2530 suis
704 2472 837 2530 manibus
865 2471 1031 2532 tradidisset
1052 2471 1129 2547 illes.
1165 2469 1255 2527 zeno-

134 2558 282 2633 philnsn.
302 2575 327 2618 o
351 2560 508 2619 consularis
532 2560 615 2622 dixit.
638 2560 689 2619 ubi
707 2560 832 2630 ιιιιιιιιι
853 2559 952 2618 Uiator
970 2559 1054 2629 dixit.
1076 2558 1107 2617 in
1124 2556 1277 2616 basilios.

90 2646 306 2720 „zenophilus
329 2663 357 2704 u.
376 2664 402 2706 e
421 2648 579 2725 consularis
597 2647 682 2707 dixit.
706 2650 783 2722 apud
799 2647 1033 2707 Constantinam?
1055 2647 1153 2706 Uiator
1171 2643 1254 2701 dixit·

135 2733 177 2791 ibi
199 2733 295 2806 eoepit
316 2734 422 2807 alloqui
444 2719 580 2808 populum
607 2737 719 2795 dieens.
748 2739 782 2795 de
811 2753 866 2810 qno
894 2736 1001 2794 dieunt
1018 2752 1063 2793 me
1089 2732 1255 2792 traditorem

137 2838 208 2891 esse,
237 2822 272 2878 de
298 2819 416 2878 luoerua
438 2823 467 2879 et
489 2823 664 2896 eapitulatat
690 2822 864 2895 zenophilus·
887 2841 916 2882 ι.
939 2840 965 2882 ι.
993 2821 1151 2881 eonsnlaris
1172 2818 1265 2902 Nun-¹

136 2908 245 2968 dinario
262 2907 345 2965 dixit:
365 2907 434 2981 quid
448 2908 525 2966 aliud
538 2911 623 3007 putas
642 2924 675 2964 ex
696 2907 742 2964 his
756 2926 818 2969 esse
832 2910 1042 2985 quaerendum?
1059 2904 1254 2968 Nundinarins

135 2997 220 3056 dixit:
249 2998 284 3056 de
306 2995 388 3069 eupis
410 2995 483 3066 fisei,
506 2995 571 3069 quis
593 2995 658 3052 illas
679 2993 755 3056 tulit.
791 2997 1019 3072 Zenophilnen
1043 3014 1068 3054 e
1096 2991 1254 3053 consularis
1347 3023 1351 3033 ·

91 3085 315 3172 ⁸⁰Nundinario
335 3083 418 3142 dixit:
439 3100 510 3157 quas
527 3085 636 3157 aupes?
652 3079 848 3144 Nnudiuerius
866 3086 949 3144 dixit.
967 3084 1120 3155 intemplo
1139 3080 1287 3155 Sarapion

91 3131 251 3232 ”fuorunt
273 3175 303 3232 et
320 3173 387 3231 tulit
403 3172 468 3231 illas
485 3171 643 3272 Purpurius
661 3171 826 3246 episeopus:
849 3177 970 3244 acetum,
990 3172 1066 3247 qnod
1082 3171 1252 3239 habuerunt,

136 3261 203 3319 tulit
190 3263 313 3320 tilium
343 3261 475 3320 Siluanus
508 3260 671 3334 episeopus,
703 3259 828 3318 Doutius
858 3262 1006 3336 presbyter
1041 3261 1071 3317 et
1099 3256 1251 3317 Lueiauns.

137 3350 307 3449 zenophilus
338 3368 367 3410 u.
395 3365 420 3410 o
453 3347 611 3408 consularis
636 3347 816 3408 Nundinario
845 3348 928 3406 dixit:
961 3349 1056 3407 seiunt
1080 3345 1110 3405 id
1136 3346 1252 3417 foetum,

138 3437 186 3510 (ιιι
209 3438 369 3509 adsistunt?
395 3436 592 3497 Nundinan'ns
613 3436 773 3511 respoudit:
798 3433 901 3494 seiuut
929 3436 1065 3496 ιιιιιοιιιι
1086 3433 1253 3493 Saturninus

93 3524 222 3613 ⁸⁵dixit:
236 3525 380 3584 dioebant
400 3525 522 3584 maiores
544 3525 644 3597 nostri,
664 3524 732 3599 quia
748 3524 879 3583 sublatae
897 3525 973 3582 sunt.
996 3523 1211 3598 Zenophilusu.
1225 3540 1252 3582 e.

93 3573 295 3677 ⁸⁵consularis
313 3614 396 3672 dixit:
371 3617 511 3688 taque
530 3613 659 3673 sublatae
678 3612 829 3671 dicuntur?
852 3611 1021 3671 Saturninus
1039 3610 1121 3674 dixit.
1145 3612 1252 3670 aPur·

138 3700 219 3776 purio
243 3699 375 3774 episeopo
399 3704 428 3760 et
449 3703 559 3761 acetum
582 3719 600 3759 ι
622 3702 737 3761 Siluano
761 3703 790 3760 et
809 3701 918 3805 Dontio
940 3702 970 3759 et
990 3699 1107 3784 Superio
1133 3700 1252 3774 presby·

174 3853 189 3905 1
208 3850 279 3904 enirn
297 3865 402 3904 eausam
419 3849 606 3921 imperatorum
628 3850 656 3916 (ι,
676 3850 746 3905 enim
764 3853 827 3905 anto
844 3850 1015 3921 imperatores
1027 3849 1062 3913 B,
1081 3850 1152 3904 enim
1166 3863 1253 3902 eoram

138 3923 335 4063 zngprrffimess.
347 3920 544 4046 mylas.
559 3921 610 4046 26355
663 3921 852 4047 ldildrffl
860 3992 891 4047 ll
907 3993 935 4045 et
945 3891 1135 4046 {usezdffiinloi
1149 3916 1266 4058 {metz}

139 4061 598 4272 fihssffiffeffi
607 4061 943 4311 ιθιὲιξιιιιιῖιῗιι
957 4062 1055 4198 dt
1072 4061 1253 4249 ιιιιιιιιι

162 4218 256 4259 ummo
557 4221 587 4272 p.
823 4219 825 4224 ’

139 4384 141 4390 y
193 4325 271 4366 xxv:
391 4377 394 4380 y
460 4370 463 4374 ι
1160 4303 1203 4355 *ιιι
