3044 4656
203 315 264 377 168
539 309 564 362 S.
592 307 728 377 Optati
753 309 982 361 Mileuitaui

197 506 389 589 temporibus
407 504 537 569 unitatis
553 502 707 585 principes
729 503 835 581 uestri,
855 503 908 584 qui
930 503 1098 587 probantur
1114 504 1176 568 ista
1193 502 1312 578 fecisse,

197 611 298 675 ieme
331 611 414 674 uiuis
448 611 641 674 excesserant
670 607 761 672 uobis
793 610 882 692 quasi
914 609 1130 674 hereditariam
1160 610 1315 672 maculam
1428 624 1430 627 ’

196 717 417 798 relinquentes,
450 733 542 798 quam
572 715 659 797 prius
690 713 767 778 deus
791 734 809 778 a
835 717 926 780 uobis
957 715 1151 798 prouidentia
1182 733 1239 778 sua
1270 714 1343 777 sic'

197 820 299 900 diluit,
315 821 390 885 dnm
403 820 483 886 inter
498 821 602 902 patres
621 821 654 883 et
667 819 759 898 filios,
779 821 863 886 sicut
881 840 973 904 supra
991 821 1133 897 diximus,
1149 819 1314 903 separauit.

76 976 93 1011 ,ξ
197 927 294 1011 igitur
316 926 388 1008 quia
410 923 527 989 tradere
550 926 714 1003 peccatum
734 926 790 1002 est,
810 925 936 990 uideant
953 927 1094 1006 parentes
1113 924 1220 1000 uestri,
1240 922 1315 1004 quid
1346 949 1358 986 a

195 1033 227 1097 in
262 1032 376 1096 iudicio
416 1031 465 1096 dei
497 1029 720 1112 respondeant;
757 1034 896 1095 nestrum
931 1033 1044 1104 tamon,
1081 1027 1134 1111 qui
1171 1028 1208 1091 ab
1245 1027 1314 1090 aliis

195 1137 387 1224 temporibus
411 1134 497 1212 estis,
520 1136 683 1217 peccatum
705 1152 774 1199 esse
796 1154 856 1199 non
878 1137 991 1217 potest.
1277 1121 1278 1125 ’

241 1245 272 1311 2.
295 1243 370 1307 Inde
393 1245 452 1318 est,
474 1239 556 1323 quod
577 1258 635 1304 uos
657 1239 838 1303 iamdudum
855 1239 886 1303 in
906 1238 1154 1303 communionem
1176 1240 1313 1311 nostram

196 1349 354 1414 noluimus
386 1347 531 1431 recipere,
553 1346 627 1429 quia
652 1364 710 1412 uos
740 1346 795 1409 illo
827 1347 966 1427 tempore
990 1364 1050 1417 non
1071 1344 1234 1427 peccastis,
1257 1343 1312 1408 sed

196 1454 349 1537 principes
385 1453 493 1520 uestri.
510 1472 586 1517 uam
620 1453 764 1534 peccator
798 1451 880 1530 talis,
917 1451 1023 1532 quales
1058 1450 1183 1515 fuerunt
1216 1450 1314 1515 uestri
1332 1473 1356 1510 10

197 1560 339 1636 maiores,
364 1558 391 1622 si
418 1559 457 1623 ad
485 1558 648 1624 ecclesiam
670 1558 776 1624 ueniat
798 1561 830 1623 et
851 1558 1045 1622 necessitatis
1069 1576 1142 1622 suae
1163 1556 1314 1645 rationem

200 1663 352 1740 ostendat,
384 1664 482 1745 primo
505 1663 705 1747 recipiendus,
726 1665 783 1744 est,
807 1663 916 1728 deinde
944 1664 1144 1728 sustinendus
1171 1663 1221 1744 pio
1245 1662 1315 1726 sinu

196 1771 303 1837 matris
336 1769 496 1835 ecclesiae.
528 1789 586 1835 nec
617 1770 707 1852 quasi
736 1789 772 1833 ex
802 1771 869 1835 toto
902 1772 1028 1835 sanctus
1056 1761 1149 1834 debet
1179 1768 1247 1851 quis
1279 1767 1317 1831 de

196 1879 291 1942 altero
310 1876 455 1954 indicare,
475 1876 549 1956 quia
567 1877 718 1959 scriptum
737 1878 787 1940 est
803 1876 835 1941 in
855 1875 1015 1960 euangelio
1036 1874 1157 1941 Christo
1181 1875 1316 1939 dicente:

170 1983 312 2047 ‘nolite
349 1981 523 2058 iudicare,
561 2000 603 2046 ne
639 1981 832 2047 indicetur
867 1982 910 2047 de
937 1981 1056 2059 uobis,
1088 1980 1218 2045 maxime
1247 1999 1319 2044 cum
1338 2000 1361 2038 1⁵

196 2107 285 2152 nemo
305 2106 340 2150 ex
358 2089 424 2150 toto
444 2088 570 2151 sanctus
588 2087 704 2169 poterit
721 2087 863 2152 inueniri.
882 2106 954 2151 nam
973 2086 999 2150 si
1018 2088 1102 2164 sunt,
1122 2087 1175 2168 qui
1197 2084 1319 2167 possint

196 2211 257 2257 non
280 2191 392 2256 babere
414 2192 551 2272 peccata,
575 2191 770 2256 mentiuntur
792 2191 824 2254 in
848 2191 985 2256 oratione
1008 2190 1171 2265 dominica,
1196 2189 1222 2254 si
1251 2190 1317 2253 sine

197 2315 291 2362 causa
320 2296 545 2379 indulgentiam
576 2295 738 2379 postulant
770 2296 907 2361 dicentes
940 2295 996 2359 deo
1031 2295 1126 2377 patri:
1169 2293 1318 2359 dimitte

196 2400 301 2467 nobis
332 2404 495 2483 peccata,
529 2401 630 2466 sicut
661 2402 697 2465 ot
722 2419 788 2464 nos
817 2398 1042 2463 dimittimus
1079 2397 1316 2463 debitoribus

193 2505 346 2582 nostris,
379 2525 450 2571 oum
485 2506 637 2571 Iohannes
670 2507 830 2586 apostolus
867 2506 899 2567 st
934 2503 1072 2567 omnium
1109 2505 1315 2569 conscientias
1333 2527 1359 2565 oo

195 2609 307 2694 prodat
333 2614 365 2675 et
391 2630 481 2675 suam
506 2611 644 2694 resignet
669 2608 719 2673 bis
746 2608 865 2672 uerbis:
898 2607 930 2673 si
957 2606 1172 2688 dixerimus,
1199 2609 1313 2692 iuquit,

283 2798 645 2865 ramaten.r,1;nu0.c‚sr
683 2766 1002 2862 cannamomum.
1020 2797 1092 2862 11‚4
1129 2799 1251 2863 arnon.
1263 2801 1313 2864 1‚s

232 2912 255 2986 1⁴
266 2933 334 2988 adde
352 2933 517 3003 temporibus
535 2932 570 2996 Β,
590 2931 616 2997 (a
633 2928 711 2982 altro
727 2946 777 2999 mp.
795 2930 857 2998 scr.)
876 2929 903 2982 A
999 2896 1122 2993 minoi?
1133 2935 1186 2998 (em
1203 2947 1223 2986 s.
1244 2931 1261 2984 t.
1279 2946 1312 2983 m.

196 3024 225 3086 2)
242 3021 277 3086 Β,
296 3020 432 3093 addeltem
449 3019 580 3090 prioribus
599 3016 731 3106 unitatem
749 3016 776 3070 Β
845 3033 907 3071 narn
924 3017 1057 3088 principes
1074 3017 1157 3073 ΑΒΒ
1227 3017 1312 3070 tiam

196 3110 239 3176 cui
248 3125 343 3164 excess.
353 3108 388 3173 Β,
398 3109 451 3163 iam
466 3107 656 3161 cuvcnicxcess.
672 3105 736 3174 (ric)
746 3105 781 3174 B,
794 3108 962 3161 excesserunt
974 3105 1040 3160 OGb
1092 3106 1168 3175 qussi
1182 3121 1231 3159 ont.
1247 3102 1313 3158 OGb

196 3220 213 3271 4
232 3219 316 3275 doluit
335 3222 363 3288 0,
385 3224 409 3288 (s
435 3221 485 3277 dcl.
509 3227 534 3275 ct
551 3222 561 3274 i
579 3235 646 3274 corr.
664 3225 684 3274 i.
702 3237 752 3291 nep.
770 3236 804 3274 m.
823 3222 852 3290 2)
874 3221 908 3286 G,
932 3186 1086 3275 diluendrim
1109 3222 1136 3286 (a
1152 3234 1173 3272 s.
1193 3219 1211 3272 l.
1230 3234 1263 3272 m.
1283 3222 1312 3285 2)

195 3334 268 3386 inter
284 3334 319 3397 Β,
338 3337 489 3391 diluendam
508 3335 580 3390 inter
596 3333 623 3387 Β
698 3351 778 3406 supra
796 3333 896 3389 dictum
915 3338 956 3389 est
973 3305 1055 3389 ARB
1133 3297 1295 3403 separabit(

195 3437 231 3473 m.
251 3419 280 3488 2)
298 3420 333 3484 Β,
345 3423 495 3493 separabat
512 3421 539 3475 Β
609 3424 627 3478 6
644 3426 845 3494 nerumptamen
862 3422 889 3476 Β
961 3423 1022 3492 quia
1040 3422 1073 3474 ab
1090 3419 1153 3482 ΒΒ,
1173 3420 1206 3474 ab
1226 3437 1277 3475 om.
1298 3422 1316 3477 d

197 3490 248 3587 alis¹
268 3533 345 3599 (odd.
364 3551 397 3588 m.
416 3541 446 3605 2)
466 3535 493 3589 A
580 3538 650 3592 sad
668 3540 762 3617 uosz
848 3535 876 3589 in
895 3540 927 3604 (s.
947 3538 1015 3592 tm.
1034 3539 1062 3603 1)
1081 3534 1108 3589 Β
1196 3539 1315 3590 nostram

138 3674 139 3678 ,
200 3619 297 3676 om&
375 3623 532 3679 tluolumus
550 3624 577 3678 Β
658 3625 690 3678 10
709 3623 919 3696 renunciabo
935 3629 999 3679 suat
1015 3623 1046 3675 in
1063 3624 1106 3677 H.
1124 3623 1272 3678 Boldainc
1285 3643 1315 3694 p.

201 3711 248 3764 74·
263 3725 296 3764 ex
314 3709 401 3763 codice
421 3713 532 3768 Titiano
553 3729 616 3766 nem
637 3712 854 3784 peccator-sinu
875 3715 969 3767 matris
991 3712 1318 3782 ecclesiae(t13)‚qace

91 3843 93 3846 .
201 3789 429 3854 dastdcroatcrio
444 3799 652 3868 tibrimsedcfr.
665 3801 784 3868 mactat.
821 3799 853 3852 13
866 3817 915 3854 nec
929 3803 954 3869 (c
967 3817 988 3856 s.
1003 3801 1019 3856 l.
1033 3819 1067 3857 m.
1081 3801 1145 3869 1)Β
1198 3803 1316 3870 sanctus]

203 3891 264 3943 actu
285 3886 340 3942 ΒΒ
428 3887 461 3940 14
484 3887 641 3961 euuangelio
669 3885 774 3942 dicente
796 3881 899 3943 'christo
928 3889 1005 3956 (cdd.
1028 3895 1163 3958 tremos.
1186 3893 1265 3960 stom)
1288 3889 1316 3941 Β

203 3977 334 4031 dicentem
352 3976 379 4028 A
451 3975 483 4028 16
501 3979 606 4044 potem
623 3977 650 4030 A
723 3976 758 4030 17
775 3980 912 4047 peccatum
931 3979 947 4033 b
1023 3979 1055 4032 18
1072 3979 1270 4050 indulgentem
1288 3978 1315 4028 A

205 4063 237 4117 19
256 4063 420 4118 deuitoribns
440 4066 466 4124 (u
484 4077 550 4116 corr.
568 4065 599 4117 ia
614 4062 632 4116 b
650 4078 683 4117 m.
702 4065 732 4132 2)
746 4063 773 4116 A
825 4061 859 4116 20
877 4066 1013 4168 apostolus
1026 4080 1076 4120 om.
1091 4067 1172 4122 AltB
1190 4068 1315 4132 (rasurae

203 4178 344 4251 cestipium
360 4178 391 4230 tn
409 4177 445 4247 A)
499 4175 531 4230 21
552 4168 674 4245 designet
694 4175 760 4232 ooo
829 4176 923 4246 inquid
941 4181 965 4249 (t
980 4194 1014 4232 m.
1033 4183 1062 4249 2)
1081 4181 1110 4236 Β
