3044 4656
196 286 276 354 VIII
650 289 862 346 Praefatio.

199 491 305 555 torum
336 493 405 556 casa
434 487 575 554 uoluisse
604 489 871 573 (p.6‚13).qui
901 491 973 555 libri
1005 514 1195 579 quamquam
1225 501 1315 567 inter.

202 597 351 673 ciderunt,
388 597 491 659 tamen
528 596 711 677 argumenta
747 613 854 661 comm
894 597 1041 664 nouimus
1076 620 1132 684 per
1167 603 1318 688 Optatam
1421 664 1426 671 ,

200 704 335 789 quinque
360 697 554 763 Parmeniani
580 699 667 765 locos
694 699 885 767 adferentem
908 699 964 799 (p.
992 705 1023 781 8,
1047 706 1089 768 22
1110 705 1180 790 so),
1204 711 1318 790 quibu,
1429 732 1433 737 .

199 811 320 876 mutato
351 803 476 887 quidem
508 802 614 869 ordine
646 822 715 869 sese
746 825 968 889 responsurum
1000 827 1069 874 esse
1105 814 1232 878 sanctus
1264 816 1319 881 ille

198 915 361 998 profitetur
380 907 473 990 idque
493 926 547 973 ser
564 908 642 974 locis
662 928 718 974 seu
735 910 824 976 libris
847 913 900 996 (p.
920 914 950 992 9,
972 911 1319 1000 lateranensem

198 1019 348 1084 habemus
370 1013 478 1096 Optati
499 1014 597 1080 libros
619 1015 786 1100 ipsumque
808 1017 924 1082 librum
946 1019 1114 1103 septimum
1133 1040 1240 1088 omnes
1255 1023 1318 1089 fere

199 1123 321 1188 codices
350 1118 452 1202 magis
480 1119 630 1187 minusue
660 1121 818 1207 integrum
849 1124 1008 1206 praebent,
1045 1127 1121 1209 quin
1157 1129 1252 1193 etiam
1283 1149 1319 1194 er

198 1226 340 1303 oodiopm
367 1224 598 1308 deperditomm
624 1227 762 1307 indiciis,
786 1247 863 1312 quaa
894 1231 1031 1314 antiquis
1058 1232 1319 1300 bibliothecarum

197 1330 346 1416 catalogis
378 1330 529 1397 debentur
557 1369 595 1382 -
621 1334 689 1400 dieo
721 1335 897 1418 complures
919 1337 1091 1404 Bobienses
1122 1376 1166 1386 —
1197 1332 1317 1425 septem

159 1488 162 1494 ,
196 1436 294 1501 fuisse
317 1433 424 1519 Optati
454 1437 551 1503 libros
583 1439 685 1505 euinci
716 1444 832 1524 potest.
864 1441 895 1506 in
920 1443 1043 1509 Ousano
1071 1448 1177 1510 autem
1200 1446 1316 1525 codice,

197 1560 232 1606 er
255 1558 315 1623 quo
339 1560 401 1607 uno
430 1542 525 1610 editio
552 1545 696 1630 princeps
725 1547 878 1630 exscripta
906 1552 964 1628 est,
987 1550 1141 1634 septimus
1163 1552 1217 1617 ille
1238 1552 1318 1616 liber

195 1664 321 1730 prorsus
354 1647 556 1719 desideratur.
589 1670 642 1716 sex
673 1655 797 1718 tantum
826 1654 915 1720 libris
947 1655 1021 1738 quin
1054 1656 1187 1742 Optatus
1218 1657 1316 1740 primo

195 1753 347 1818 mactatus
378 1755 429 1820 sui
459 1757 587 1822 modum
617 1757 841 1839 terminauerit,
865 1759 917 1824 uir
940 1762 989 1826 est
1020 1761 1225 1826 dubitandum
1247 1780 1340 1825 cum·

197 1876 233 1922 er
245 1856 347 1942 ipsius
362 1881 440 1946 quae
455 1862 570 1929 dicitur
581 1863 733 1931 librorum
746 1866 912 1949 partitione
934 1864 986 1952 (p.
1005 1868 1036 1947 9,
1057 1866 1177 1953 7-16)
1195 1878 1265 1931 tum
1283 1886 1317 1931 er

195 1962 378 2050 Hieronymi
408 1971 588 2036 testimonio
612 1990 637 2037 s.
661 1972 695 2052 l.,
718 1973 751 2037 in
774 1991 835 2054 quo
867 1991 974 2038 omnes
1006 1972 1129 2038 codices
1160 1974 1318 2037 uetustate
1347 1984 1349 1988 ’

196 2069 301 2134 eximii
315 2071 369 2153 Vl,
383 2092 464 2153 unus
481 2078 605 2140 tantum
616 2074 793 2142 Oasinensis
807 2097 833 2142 s.
844 2078 888 2140 IX
898 2077 1072 2157 adscriptus
1082 2076 1142 2140 VH
1151 2076 1248 2140 libros
1258 2076 1318 2157 Op-

196 2175 256 2240 tati
264 2177 575 2263 indicantquodloh.
586 2179 937 2266 HuemerHieronymi
945 2179 1059 2242 librum
1070 2179 1170 2243 denuo
1180 2181 1318 2262 recogni-

196 2281 287 2349 turus
300 2283 588 2351 beniuolentissime
606 2301 730 2349 meeum
744 2283 996 2348 communicarit.
1008 2283 1113 2366 itaque
1127 2302 1188 2348 non
1202 2283 1316 2348 mnam

197 2386 298 2453 uideri
318 2392 433 2474 potest,
452 2387 535 2470 quod
553 2387 733 2469 grauissimi
751 2403 894 2449 censores
913 2389 995 2450 hunc
1012 2388 1127 2452 librum
1143 2391 1181 2453 ab
1200 2388 1315 2471 Optato

197 2493 373 2560 abiudicata
395 2511 456 2557 non
479 2491 672 2567 dubitabant,
694 2490 877 2573 praesertim
905 2508 976 2555 cum
1002 2491 1082 2557 liber
1104 2496 1209 2559 sertus
1231 2514 1315 2579 prae·

199 2599 391 2664 stantissima
411 2597 468 2663 illa
483 2595 623 2681 ¹imagine
647 2595 685 2660 (le
708 2594 842 2678 aucupio
866 2596 1048 2681 deprompta
1070 2618 1142 2664 cum
1165 2600 1317 2685 dignitate

199 2705 331 2788 quadam
354 2705 447 2785 atque
470 2700 675 2786 amplitudine
697 2700 889 2779 terminetur,
913 2704 1066 2785 septimus
1088 2725 1162 2772 uero
1186 2725 1248 2789 qua
1270 2711 1319 2772 est

198 2811 384 2895 proprietate
407 2807 487 2873 nihil
506 2807 571 2872 fere
594 2807 679 2886 noui,
701 2807 850 2874 nonnulla
876 2809 929 2873 uel
951 2809 1074 2875 diuersa
1095 2830 1114 2876 a
1135 2812 1317 2895 praeceden-

198 2916 284 2983 tibus
315 2915 433 2981 adferat
463 2924 564 2997 neque
596 2913 636 2979 acl
649 2963 651 2967 >
666 2914 759 2979 tinam
790 2913 959 2997 perductus
982 2916 1025 2981 sit
1047 2917 1150 3000 aliqua
1173 2921 1316 3001 exparte

198 3022 400 3106 probabilem.
424 3020 626 3087 nihilominus
646 3039 706 3086 non
725 3023 784 3100 est,
803 3020 885 3109 quod
904 3022 1072 3102 septimum
1090 3023 1181 3086 illum
1203 3023 1324 3088 librum

199 3127 324 3194 falsario
339 3125 472 3204 cuidam,
485 3125 520 3190 ic
532 3125 616 3209 quod
628 3125 785 3191 nonnullis
799 3125 927 3208 placuit,
937 3126 1121 3202 tribuamus,
1132 3127 1228 3194 immo
1242 3147 1316 3193 uero

201 3235 233 3298 et
246 3231 368 3299 (licendi
381 3251 479 3316 genus
498 3234 530 3296 et
546 3231 770 3297 sententiarum
788 3231 867 3298 ratio
886 3232 925 3296 ad
943 3232 1076 3314 eundem
1093 3251 1150 3296 nos
1172 3252 1316 3298 reuocare
1351 3267 1355 3276 ‚

200 3337 344 3403 uidentur
357 3339 548 3422 scriptorem.
567 3337 667 3421 primo
681 3357 742 3403 non
758 3336 850 3402 nimis
861 3337 1024 3420 grauimtis
1033 3337 1146 3402 habers
1160 3341 1237 3419 puto
1250 3358 1317 3423 par-

200 3444 343 3509 titionem
364 3444 452 3508 illam
474 3443 506 3507 in
528 3443 607 3509 libro
628 3443 728 3525 primo
753 3445 917 3508 seruatam.
941 3446 977 3507 ut
999 3442 1141 3508 omittam
1167 3441 1317 3526 Optatam

201 3550 310 3634 primo,
335 3550 481 3627 secundo,
508 3549 600 3614 tertio
632 3550 724 3625 loco,
751 3567 813 3612 non
838 3538 918 3613 libro
945 3546 1139 3611 Parmeniani
1165 3550 1317 3614 tractatus

202 3658 457 3742 impugnatorum
488 3673 557 3724 esse
587 3654 724 3738 profiteri
745 3652 815 3740 (cfr.
839 3655 868 3731 9,
894 3654 912 3718 7
935 3673 995 3734 sq.;
1026 3653 1211 3737 procedente
1244 3673 1315 3719 sane

203 3763 329 3848 quidem
352 3780 442 3847 opere
465 3761 505 3826 ad
526 3761 627 3844 priora
643 3760 811 3844 respiciens
830 3778 953 3844 semper
973 3758 1022 3836 ,in
1040 3758 1138 3842 primo
1219 3760 1315 3824 libro

204 3865 339 3957 (libello)
361 3862 579 3951 probauimus“
599 3866 652 3931 nel
670 3865 733 3930 tale
751 3864 869 3947 aliquid
887 3863 964 3930 dicit
980 3900 1024 3912 -
1041 3864 1097 3945 cfr.
1116 3866 1167 3942 45,
1187 3867 1242 3938 213
1262 3863 1314 3938 48,

205 3978 239 4054 ὃς
272 3975 324 4054 67,
348 3976 382 4050 2;
417 3974 490 4052 169,
523 3973 553 4036 2.
577 3971 607 4050 3,
638 3970 779 4052 inprimis
812 3969 884 4048 118,
919 3969 1015 4046 2-5,
1047 3988 1146 4054 neque
1177 3986 1244 4033 raro
1277 3966 1316 4030 ad

206 4079 367 4165 sequentia
386 4080 514 4146 reuocat
534 4077 653 4166 libros
671 4075 810 4140 indicans
831 4076 886 4156 IV,
909 4075 948 4153 V,
971 4075 1025 4141 VI.
1049 4076 1104 4158 cfr.
1129 4077 1158 4152 8,
1183 4073 1238 4147 193
1262 4073 1314 4148 66,

207 4190 262 4263 163
291 4188 358 4265 82,
375 4182 424 4270 2):
447 4204 522 4249 num
552 4200 681 4248 necesse
704 4187 753 4247 est
773 4200 887 4265 ponere
910 4179 1059 4264 Optatam
1082 4181 1143 4245 iam
1166 4181 1203 4243 ab
1224 4179 1314 4246 initio
